2078 3054
837 139 1080 173 l‘racfatio.
1516 140 1710 174 LXXXIX

200 257 338 308 itaque
370 255 706 308 antiquissimum
740 269 950 308 quemque
982 256 1094 308 operi
1128 254 1330 297 adbibere
1352 255 1565 309 coepimus
1587 260 1713 308 atque

201 320 385 372 profecto
425 319 636 372 plerisque
679 318 871 372 epistulis
914 318 990 359 bac
1032 318 1191 359 ratione
1233 319 1335 360 satiS
1377 319 1494 359 tirma
1525 318 1714 360 subsidia

199 388 295 423 suut
336 388 587 435 comparata.
633 395 775 422 verum
816 387 952 421 tamen
994 382 1225 435 permultae
1259 387 1357 423 sunt
1388 382 1564 433 litterae,
1606 395 1713 434 quae

198 445 436 487 rarissimae
459 445 740 494 inveniantur,
773 451 815 485 ut
838 444 1138 485 recentioribus
1162 444 1377 486 codicibus
1401 444 1713 499 circumspectis

200 521 332 560 usque
373 507 426 548 ad
467 500 679 548 saeculum
721 507 797 547 XV
842 507 965 548 fuerit
1007 507 1364 549 descendendum.
1408 507 1461 548 ad
1505 507 1580 548 boc
1622 521 1711 549 cum

198 571 385 622 accedat,
428 570 537 623 quod
577 571 781 624 epistulae
819 571 926 611 aliae
959 571 1052 612 aliis
1085 570 1300 612 codicibus
1333 578 1432 613 sunt
1463 571 1641 612 traditae
1674 578 1713 612 et

199 635 314 675 multi
348 634 513 675 codices
548 647 701 688 paucas
733 640 893 674 tantum
928 633 993 674 vel
1026 634 1151 674 etiam
1185 633 1373 687 singulas
1406 635 1607 687 epistulas
1641 634 1710 675 ba·

199 700 299 739 beut
341 712 475 750 neque
518 704 656 738 tamen
701 697 856 737 miere
899 696 1235 738 consideratione
1281 697 1397 752 digni
1445 705 1541 738 sunt
1588 711 1711 750 quam

199 762 339 814 magni
392 762 662 814 epistularum
722 761 813 800 libri
866 761 934 801 (cf.
980 775 1016 813 p.
1062 761 1281 815 XXVIII),
1345 774 1545 802 numerus
1603 762 1712 802 codi-

198 839 303 867 cum.
347 824 500 877 quibus
539 825 577 864 in
619 823 693 864 boc
732 837 855 877 opere
896 823 1098 864 utendum
1138 824 1229 875 suit,
1273 825 1313 864 in
1356 824 1446 865 dics
1484 825 1626 875 crevit,
1670 830 1713 865 ut

198 888 380 941 denique
428 888 525 928 facti
575 887 658 928 sint
706 886 873 927 ducenti
923 887 1071 940 viginti
1121 893 1216 928 tres.
1266 901 1438 940 quorum
1487 888 1711 928 maximam

198 958 357 1005 partem
382 952 486 1005 ipse,
522 957 566 991 ut
586 950 901 991 accuratissime
926 951 1055 1003 potui,
1080 950 1254 999 contuli;
1290 950 1400 1003 quod
1426 951 1493 991 ubi
1518 963 1591 1005 per
1611 951 1714 991 alios

197 1016 282 1056 fieri
318 1027 491 1055 necesse
525 1013 616 1064 fuit,
650 1014 690 1054 in
726 1012 986 1067 praefatione
1019 1026 1094 1055 suo
1128 1013 1215 1054 loco
1249 1013 1289 1053 id
1323 1013 1519 1054 indicavi.
1565 1028 1713 1067 neque,

197 1079 230 1119 si
269 1077 436 1130 quando
474 1077 575 1118 utile
614 1076 825 1117 videretur
862 1077 1012 1117 iterata
1044 1090 1142 1118 cura
1175 1077 1359 1118 codicem
1393 1076 1594 1126 conferre,
1639 1077 1714 1117 boc

198 1142 337 1182 labore
370 1140 728 1194 supersedebam.'

255 1205 357 1246 Cum
399 1210 516 1245 tauta
558 1205 753 1244 librorum
793 1217 890 1245 mss.
926 1203 1147 1245 multitudo
1186 1205 1294 1245 inter
1325 1211 1407 1245 tam
1442 1204 1593 1245 multas
1626 1204 1712 1257 epi-

196 1269 325 1309 stulas
359 1269 540 1309 maxima
575 1268 775 1308 varietate
810 1274 920 1308 esset
953 1267 1088 1308 divisa
1122 1274 1160 1308 ct
1193 1267 1408 1318 distracta,
1446 1268 1713 1321 aptissimum

197 1345 289 1373 esse
328 1331 426 1372 mibi
467 1332 603 1372 visum
642 1339 706 1371 est
743 1344 842 1372 suos
875 1331 1101 1383 unicuique
1135 1331 1339 1385 epistulae
1372 1332 1498 1373 libros
1531 1344 1626 1372 mss.
1660 1331 1712 1371 ad

195 1396 345 1436 aetatis
377 1394 564 1435 ordinem
598 1394 849 1448 compositos
882 1395 1124 1435 nominatim
1158 1394 1383 1448 adponere.
1418 1408 1501 1447 qua
1531 1408 1574 1435 re
1596 1395 1713 1435 alteri

196 1471 360 1510 quoque
400 1458 636 1498 difficultati
673 1462 715 1498 ut
748 1463 1045 1509 occurreretur,
1080 1459 1232 1498 evenit.
1277 1457 1442 1499 codices
1476 1458 1586 1499 enim
1620 1471 1711 1499 eum

195 1529 277 1562 tam
318 1521 435 1562 multi
474 1522 569 1571 sint,
613 1521 681 1561 vix
717 1521 802 1561 fieri
839 1534 959 1574 posse
994 1521 1172 1572 videtur,
1218 1528 1259 1561 ut
1302 1535 1420 1562 suum
1467 1521 1618 1573 cuique
1659 1521 1711 1561 si-

195 1599 324 1637 gnum
358 1585 633 1637 excogitetur,
669 1591 707 1625 et
746 1585 778 1626 si
817 1586 910 1636 quis
943 1585 1068 1626 nimio
1100 1585 1275 1625 artificio
1310 1598 1410 1626 usus
1439 1584 1478 1625 id
1510 1590 1712 1639 temptare

197 1648 383 1690 voluerit.
430 1662 572 1689 vereor
608 1662 658 1689 ne
691 1649 980 1702 experimento
1013 1655 1252 1702 eognoscat,
1295 1649 1458 1702 magnis
1492 1648 1712 1689 distieulta-

195 1713 308 1753 tibus
349 1726 391 1753 sc
435 1712 732 1765 implicavissc,
780 1712 1121 1765 perspicuitatem
1164 1711 1371 1764 {idemque
1410 1712 1547 1765 operis
1580 1712 1710 1752 immi-

196 1776 349 1818 nuisse.
384 1774 559 1818 mendis,
593 1775 718 1825 vitiis,
752 1775 959 1816 erroribus
994 1775 1101 1815 viam
1135 1775 1398 1828 patefecisse.
1433 1776 1472 1815 in
1507 1774 1713 1828 eligendis

195 1840 319 1891 igitur
351 1839 485 1890 signis
517 1839 775 1892 singularum
800 1843 959 1878 tantum
985 1838 1255 1892 epistularum
1282 1838 1446 1880 codices
1469 1839 1711 1892 spectabam

195 1903 250 1942 ita
283 1909 437 1951 tamen,
472 1908 526 1945 ut,
561 1902 593 1942 si
628 1901 692 1941 cui
725 1902 830 1941 libro
853 1902 1019 1953 signum
1044 1901 1211 1954 aliquod
1236 1902 1364 1943 semel
1388 1902 1712 1952 constituissem,

194 1964 248 2008 id.
290 1964 426 2018 quoad
461 1965 547 2022 tieri
582 1972 735 2017 posset.
778 1965 958 2005 retinere
992 1964 1218 2017 studerem,
1261 1965 1377 2006 velut
1408 1964 1540 2005 codex
1575 1965 1712 2005 Mona-

193 2029 330 2070 censis
373 2028 483 2067 6260·
527 2041 691 2081 semper
735 2028 871 2068 littera
913 2028 964 2078 M,
1023 2029 1313 2081 sangallensis
1358 2029 1438 2068 174
1490 2029 1628 2069 littera
1669 2029 1710 2078 S,

194 2092 438 2132 (¹asinensis
477 2091 523 2129 1⁴3
557 2091 693 2131 littera
717 2092 747 2132 C
781 2099 843 2132 est
865 2091 1133 2145 designatu83
1168 2093 1200 2132 P
1221 2092 1405 2133 omnium
1432 2092 1711 2132 l'arisinorum

192 2155 329 2195 littera
367 2154 423 2194 ita
462 2162 523 2194 est
562 2154 807 2204 contmunis,
853 2160 908 2203 ut,
947 2155 988 2194 in
1028 2168 1110 2207 qua
1148 2155 1328 2208 epistula
1359 2155 1442 2196 duo
1476 2155 1540 2196 vel
1575 2155 1712 2208 plures

192 2216 545 2258 commemoramli
586 2218 682 2268 sint,
727 2217 762 2257 ei
802 2217 1115 2271 (lis-tinguantur
1154 2221 1355 2259 numeris:
1392 2218 1601 2259 1'1'11’2’1’2‘
1634 2223 1709 2258 etc.

193 2281 268 2321 bac
302 2281 459 2321 ratione
492 2281 680 2333 contigit,
714 2286 756 2320 ut
792 2280 830 2320 in
865 2281 1060 2321 omnibus
1093 2280 1307 2322 codicibus
1340 2280 1614 2335 designandis
1638 2294 1712 2321 un-

191 2343 368 2384 cialibus
401 2343 548 2384 litteris
582 2344 637 2384 uti
672 2344 771 2383 mibi
806 2344 980 2394 licuerit,
1015 2344 1124 2396 quod
1158 2344 1268 2385 baud
1294 2358 1464 2398 parvam
1490 2344 1710 2385 utilitatem

193 2406 348 2447 babere
392 2420 512 2446 nemo
553 2421 632 2447 non
673 2406 886 2447 concedet.
932 2408 988 2447 ita
1021 2409 1130 2448 enim
1165 2408 1320 2448 factum
1354 2414 1430 2459 est,
1466 2414 1509 2447 ut
1543 2420 1711 2461 sperare

192 2483 254 2509 me
289 2482 409 2522 posse
445 2477 581 2522 putem
606 2479 852 2524 apparatum
879 2471 1065 2511 criticum
1090 2485 1213 2523 quam
1239 2471 1422 2512 maxime
1446 2471 1710 2525 perspicuum

192 2546 282 2573 esse
311 2539 349 2572 et
374 2546 553 2573 errorum
579 2533 908 2586 mendorumque
932 2543 1160 2588 expertem.
1195 2548 1449 2587 quamquam
1481 2535 1514 2575 si
1545 2533 1712 2587 quando

193 2595 332 2636 variae
376 2596 580 2649 epistulae
624 2597 731 2637 inter
772 2610 815 2637 se
859 2603 1164 2650 conqiarentur‚
1207 2611 1379 2639 necesse
1421 2605 1496 2648 est7
1540 2597 1711 2638 uomina

193 2659 329 2712 potius
362 2658 553 2699 codicum
588 2673 710 2712 quam
746 2660 867 2714 signa
899 2668 994 2700 sunt
1025 2660 1302 2701 observanda.

248 2720 365 2770 Quae
405 2722 534 2763 verba
573 2723 611 2763 in
652 2722 767 2763 libris
805 2737 900 2763 mss.
933 2724 1152 2764 transitum
1185 2724 1237 2764 ab
1271 2724 1352 2764 alia
1384 2723 1437 2764 ad
1470 2724 1592 2764 aliam
1627 2724 1709 2778 epi—

191 2784 342 2824 stulam
376 2784 614 2837 significare
648 2786 784 2826 solent
819 2786 1007 2838 implicit
1037 2794 1128 2837 etc.‚
1165 2788 1309 2840 incipit
1342 2792 1453 2841 ete-l,
1497 2800 1588 2827 eum
1622 2787 1707 2840 ple-
