2078 3054
329 165 415 207 322
1001 179 1145 219 Index
1171 181 1217 219 V.

376 293 550 339 spiritum
589 297 764 330 sanctum
803 297 843 332 et
879 297 1016 341 peccat
1052 295 1091 330 in

375 362 472 398 eum,
501 353 583 388 sive
611 353 675 399 qui
703 353 872 389 nondum
899 356 959 389 est
986 352 1091 389 Chri-

375 410 523 446 stianus
560 410 644 446 sive
679 410 744 456 qui
780 414 840 447 est
873 410 1090 447 haereticus

377 468 562 504 Arrianus
607 471 676 504 aut
716 469 979 504 Eunomianus
1021 472 1089 504 aut

370 526 670 562 Macedonianus
719 530 787 562 aut
836 526 1089 562 Photinianus

373 584 456 620 sive
479 584 543 620 alii
566 584 750 621 haeretici
772 588 839 620 aut
862 585 934 631 ipsi
956 584 1089 621 Iudaei

372 642 425 677 IV
453 642 510 687 42,
540 643 573 678 4.

326 699 349 735 S
365 711 388 745 p
402 710 424 736 0
439 710 464 734 n
478 700 502 735 d
517 710 536 735 e
552 710 592 746 o,
639 700 781 737 Celeris
829 703 1089 746 procuratore,

371 761 574 803 praesente
648 761 855 804 utcumque
930 758 1088 794 Donati-

371 820 517 852 starum
543 815 793 863 frangebatur
818 816 996 862 audacia;
1023 816 1089 863 qui

370 878 622 920 posteaquam
677 874 949 921 Carthaginem
1004 885 1088 920 pro-

370 932 496 968 fectus
521 935 591 978 est,
614 932 729 968 etiam
751 931 792 968 in
813 932 942 969 fundis
965 932 1086 978 ipsius

367 989 583 1026 Macrobius
644 991 848 1037 episcopus
906 990 1087 1026 basilicas

369 1049 531 1094 aperuit,
593 1049 754 1094 populos
818 1049 1085 1095 congregavit3

368 1106 609 1152 Augustinus
636 1117 721 1142 eum
746 1106 966 1143 Marcellino
992 1106 1085 1142 mul-

367 1167 448 1200 tum
489 1164 775 1201 commendavit
813 1164 870 1200 III
909 1164 988 1210 150,
1029 1164 1084 1199 22.

324 1221 347 1257 S
362 1226 377 1258 t
392 1233 414 1258 e
427 1233 450 1268 p
464 1223 488 1258 h
503 1233 527 1258 a
540 1222 591 1258 ni
656 1223 836 1269 martyris
902 1222 1083 1268 reliquias

368 1292 498 1317 secum
533 1281 740 1326 portabant
774 1281 886 1317 Galla
918 1285 958 1317 et
991 1279 1084 1316 Sim-

367 1337 532 1384 pliciola,
567 1348 653 1374 cum
687 1338 727 1374 in
762 1338 924 1384 patriam
957 1348 1084 1374 rever-

366 1400 539 1433 terentur
566 1397 618 1433 IV
645 1397 725 1442 372,
751 1398 785 1433 3.
813 1397 846 1432 7.
1098 1410 1101 1483 ν

320 1453 343 1489 S
360 1458 408 1489 te
423 1466 447 1500 p
462 1455 484 1489 h
500 1465 522 1489 a
536 1465 561 1489 n
575 1465 599 1490 u
615 1465 649 1499 s,
695 1454 900 1500 episcopus
945 1453 1085 1490 Roma-

366 1522 438 1548 nus
463 1512 499 1547 II
525 1513 603 1558 153,
631 1513 685 1548 18.

321 1569 641 1606 Stercutius
667 1570 761 1606 deus
787 1570 803 1605 I
829 1570 886 1615 42,
911 1571 944 1605 7.

319 1627 680 1664 Stesichorus
736 1629 835 1664 inter
889 1628 1083 1674 vitupera-

366 1686 509 1722 tionem
534 1690 573 1722 et
596 1686 729 1722 laudes
755 1686 923 1722 Helenae
947 1686 1082 1722 fluctu-

365 1754 434 1779 ans
468 1744 705 1780 detrahendo
739 1744 872 1779 oculos
905 1743 1083 1789 perdidit,

364 1801 557 1837 laudando
589 1802 735 1847 recepit
765 1802 800 1836 II
832 1801 911 1847 240,
944 1802 1002 1846 103
1034 1801 1081 1842 cf.

363 1860 444 1904 315,
468 1860 500 1894 2.
525 1860 613 1904 385,
629 1860 661 1895 2.

319 1916 581 1953 Stilicho:
613 1917 730 1963 leges,
762 1927 859 1963 quae
890 1917 937 1953 de
968 1917 1080 1953 idolis

364 1975 651 2021 confringendis
687 1979 725 2011 et
760 1975 965 2011 haereticis
1000 1985 1080 2011 coi·-

363 2032 532 2078 rigendis
558 2033 651 2068 vivo
680 2031 889 2069 Stilichone
916 2031 955 2068 in
981 2031 1080 2068 Afri-

363 2100 446 2125 cam
484 2091 623 2126 missae
653 2094 762 2136 sunt,
800 2091 922 2137 magis
958 2091 1080 2126 Theo-

363 2148 448 2184 dosi
473 2147 573 2184 filius
601 2159 714 2193 quam
742 2147 902 2184 Stilicho
929 2148 1079 2184 curavit

362 2206 569 2242 mittendas
595 2206 630 2241 II
655 2206 736 2251 517,
763 2206 818 2241 14.
844 2206 924 2251 518,
950 2206 984 2242 6.

317 2262 495 2299 Stoici
528 2267 567 2299 et
598 2263 787 2309 Epicurei,
819 2263 1010 2299 Platonici
1043 2274 1077 2299 v.

362 2321 584 2367 Epicureus,
615 2321 817 2357 Platonici.
851 2320 971 2357 Stoici
1000 2321 1079 2356 ani-

1097 1485 1100 1510 Ι

1173 307 1332 343 corpore
1382 299 1550 335 animum
1599 303 1775 337 avertere
1824 311 1889 347 po-

1172 359 1328 391 tuerunt
1355 357 1389 391 II
1413 358 1493 403 680,
1509 358 1563 394 19.
1578 368 1655 394 non
1670 359 1745 393 ista
1758 359 1888 394 divina

1173 414 1366 449 sententia
1419 418 1489 460 est,
1544 425 1621 461 qua
1674 415 1887 452 dicebatur:

1173 470 1255 514 ‘Qui
1306 482 1419 507 unam
1467 472 1651 509 virtutem
1700 473 1889 519 habuerit,

1171 539 1303 565 omnes
1328 529 1445 566 habet
1468 530 1578 576 eique
1601 531 1707 567 nulla
1731 535 1801 577 est,
1826 532 1887 568 cui

1171 597 1247 622 una
1271 586 1459 633 defuerit‘,
1484 588 1553 624 sed
1574 589 1792 626 hominibus
1814 589 1886 626 hoc

1170 644 1296 680 visum
1338 649 1398 681 est
1437 645 1598 682 multum
1640 646 1801 692 quidem*
1834 647 1887 682 in-

1169 702 1350 747 geniosis,
1398 703 1593 748 studiosiS,
1639 705 1774 741 otiosis
1821 706 1886 740 sed

1169 762 1299 796 tamen
1326 759 1543 798 hominibus
1570 760 1625 796 III
1649 761 1730 807 596,
1757 762 1813 797 11.
1833 763 1886 797 -Α,

1169 817 1401 854 videbantur
1426 818 1546 855 Stoici
1568 819 1656 855 ideo
1680 819 1772 865 falli,
1797 820 1886 865 quia

1170 876 1432 920 proficientem
1457 877 1647 912 hominem
1674 877 1712 912 in
1739 878 1886 923 sapien—

1168 933 1224 968 tia
1283 933 1467 970 nolebant
1528 934 1683 971 omnino
1745 934 1885 971 habere

1168 991 1408 1038 sapientiam,
1463 992 1531 1028 sed
1587 996 1678 1028 tunc
1733 993 1885 1038 habere,

1168 1059 1253 1084 cum
1289 1049 1327 1084 in
1361 1059 1408 1085 ea
1441 1050 1581 1086 fuisset
1613 1050 1768 1086 omnino
1802 1060 1884 1097 per--

1168 1107 1293 1143 fectus
1317 1107 1370 1142 III
1394 1107 1474 1153 599,
1499 1107 1671 1153 12--601,
1695 1109 1728 1144 9.
1752 1107 1884 1153 Stoici,

1167 1165 1231 1209 qui
1271 1165 1458 1201 adversus
1498 1166 1669 1211 corporis
1707 1166 1884 1211 volupta-

1167 1226 1242 1258 tem
1277 1223 1433 1259 virtutis
1469 1223 1582 1260 laude
1618 1223 1883 1263 movebantur.

1166 1280 1290 1316 minus
1335 1280 1542 1317 difficulter
1586 1291 1671 1317 eam
1717 1284 1884 1317 contem-

1169 1338 1372 1383 plabantur
1416 1339 1455 1373 in
1496 1339 1633 1374 animis
1675 1339 1881 1384 hominum,

1165 1396 1267 1432 unde
1299 1396 1404 1432 facta
1433 1396 1546 1442 bona,
1578 1396 1625 1433 de
1656 1396 1793 1443 quibus
1825 1400 1883 1433 ut-

1165 1464 1326 1500 cumque
1364 1459 1543 1500 poterant
1580 1455 1761 1501 iudicare,
1799 1466 1882 1500 pro-

1166 1512 1346 1548 cederent
1374 1512 1410 1547 II
1439 1512 1519 1557 682,
1548 1513 1581 1548 9.
1611 1512 1659 1548 de
1689 1513 1882 1558 parilitate

1165 1574 1411 1615 peccatorum
1438 1571 1509 1606 soli
1537 1569 1657 1606 Stoici
1683 1570 1767 1606 ausi
1793 1573 1882 1607 sunt

1164 1628 1362 1673 disputare
1413 1631 1548 1663 contra
1597 1638 1746 1663 omnem
1798 1638 1881 1663 sen—

1165 1695 1248 1720 sum
1279 1686 1431 1731 generis
1461 1685 1618 1721 humani
1651 1686 1701 1720 111
1732 1685 1812 1730 592,
1844 1685 1880 1729 23

1164 1743 1211 1785 cf.
1248 1743 1283 1778 II
1320 1744 1400 1789 594,
1436 1743 1491 1780 23.
1528 1743 1748 1779 Nectarium
1787 1743 1880 1779 dicit

1163 1800 1208 1835 A.
1263 1800 1556 1837 convenientius
1609 1811 1677 1846 pro
1731 1800 1879 1836 civibus

1164 1858 1242 1894 suis
1298 1863 1474 1895 acturum
1530 1869 1614 1895 esse
1670 1859 1879 1905 ingerendo

1162 1916 1463 1953 misericordiam
1485 1916 1742 1952 Christianam
1766 1927 1878 1962 quam

1163 1974 1342 2010 duritiam
1376 1974 1604 2019 Stoicorum,
1639 1975 1703 2019 qui
1736 1974 1879 2010 miseri-

1162 2032 1333 2068 cordiam
1365 2032 1404 2067 in
1435 2032 1532 2068 vitio
1566 2035 1753 2077 ponerent
1786 2035 1824 2068 et
1856 2043 1878 2067 a

1163 2090 1346 2135 sapientis
1388 2090 1515 2126 animo
1557 2090 1709 2135 penitus
1752 2090 1877 2135 expel-

1162 2148 1285 2183 lerent
1306 2147 1341 2183 II
1363 2148 1444 2193 593,
1469 2148 1621 2192 13—203
1647 2149 1693 2191 cf.
1717 2148 1797 2192 594,
1820 2148 1876 2182 24.

1162 2206 1324 2241 cundem
1373 2206 1532 2250 monuit,
1583 2216 1630 2241 ne
1680 2205 1877 2251 paradoxa

1163 2262 1378 2298 Stoicorum
1394 2263 1580 2299 sectanda
1593 2263 1750 2299 doceret
1762 2263 1876 2298 Para-

1161 2321 1303 2356 doxum
1329 2331 1439 2356 suum
1465 2321 1500 2356 II
1525 2321 1605 2366 593,
1632 2322 1663 2356 7.

363 2390 466 2414 mum
506 2380 703 2432 ἀπὸῤῥοῑαν
747 2380 809 2415 del
840 2379 1078 2415 SUbStanuae
1112 2400 1135 2437 S
1151 2405 1166 2436 t
1179 2413 1196 2437 r
1211 2412 1234 2436 a
1246 2402 1270 2437 b
1284 2412 1306 2438 0
1321 2402 1371 2437 ni
1386 2413 1409 2437 a
1422 2412 1447 2436 n
1461 2411 1480 2436 e
1495 2412 1520 2436 n
1535 2412 1551 2437 s
1567 2402 1578 2437 i
1594 2412 1610 2437 s
1640 2401 1780 2437 fundus
1795 2411 1876 2446 per-

362 2447 446 2472 esse
490 2435 785 2482 suspicabantur
827 2437 881 2472 III
923 2436 1004 2482 542,
1044 2436 1077 2472 6.

362 2495 460 2530 inter
493 2495 743 2540 philosophos
777 2494 946 2531 Graecos
980 2504 1078 2530 sum-

362 2563 463 2587 mum
518 2551 659 2587 bonum
716 2552 754 2588 in
809 2553 892 2598 ipso
950 2552 1076 2587 animo

363 2613 549 2654 ponentes
592 2614 630 2645 et
670 2620 827 2646 numero
870 2613 909 2646 et
949 2609 1076 2655 dispu-

1161 2460 1285 2496 tinens
1310 2460 1359 2496 ad
1384 2471 1513 2495 curam
1538 2459 1709 2505 episcopi
1734 2459 1874 2505 Hippo-

1160 2517 1303 2553 niensis
1330 2518 1365 2552 ΙΙ
1391 2518 1471 2562 232,
1499 2518 1555 2553 15.

1113 2603 1129 2626 s
1145 2603 1168 2627 u
1184 2592 1206 2627 b
1221 2593 1341 2628 diac
1356 2603 1417 2627 011
1432 2603 1456 2627 u
1471 2603 1488 2628 s
1521 2602 1555 2627 v.
1591 2591 1806 2627 clericatus.

361 2667 468 2702 tandi
526 2667 737 2703 subtilitate
796 2666 915 2703 Stoici
971 2677 1077 2713 prae·
1113 2666 1407 2702 Subsanam
1446 2666 1553 2702 venit
1590 2666 1646 2711 As,
1684 2669 1737 2711 ut,
1774 2675 1872 2711 quae

361 2725 576 2770 valuerunt,
599 2725 664 2770 qui
685 2729 815 2761 tamen
835 2726 874 2760 in
888 2722 1076 2760 'naturali-

361 2782 431 2817 bus
469 2793 656 2827 corporea
692 2783 820 2818 omnia
857 2793 941 2818 esse
979 2782 1075 2818 arbi-

361 2843 507 2876 trantes
543 2840 664 2886 magis
700 2851 724 2875 a
756 2851 870 2876 carne
906 2851 1019 2885 quam
1053 2851 1076 2875 a

1159 2724 1235 2761 illic
1284 2735 1324 2760 se
1373 2724 1532 2760 absente
1581 2727 1717 2759 contra
1765 2733 1871 2759 suam

1157 2782 1396 2818 voluntatem
1421 2785 1533 2828 gesta
1558 2781 1733 2826 fuissent,
1759 2791 1872 2826 quae-

1158 2844 1258 2876 reret
1289 2840 1323 2874 II
1355 2840 1433 2885 224,
1466 2840 1524 2883 23;
1557 2840 1604 2881 cf.
1637 2839 1871 2874 Timotheus.

2068 2610 2078 3054 ——n--n———s-*fl—-m
2074 2455 2078 2606 Q-——m
2076 2421 2078 2449 .-
2077 2403 2078 2406 Α
2077 2385 2078 2389 Α
