2078 3054
188 547 440 582 valtitudo
480 557 678 583 commune
718 558 855 582 nomen
894 552 952 582 est

197 952 348 987 aluta
378 963 412 989 v.
445 953 662 989 fasciculus.

865 137 1004 172 Index
1031 137 1072 171 V.

243 252 394 286 Christo
431 263 514 287 csse
552 262 749 287 mansuros
787 251 838 286 ΙΙΙ
873 252 952 295 363,

243 310 275 344 2.
312 309 349 344 in
385 309 508 344 sancti
543 310 675 344 altaris
714 313 951 345 sacramento

242 370 422 411 quattuor
482 371 609 411 partes
667 368 953 412 distinguuntur

242 425 294 460 111
313 425 392 469 363,
414 426 538 460 1—16.
560 426 682 460 sancti
702 426 833 461 altaris
854 436 952 461 com·

244 483 420 519 munione
450 483 601 528 privare
632 484 684 518 III
714 484 792 527 421,
822 485 854 519 8.

244 605 394 641 excelso
420 609 458 640 et
481 605 682 649 profundo,
706 605 784 648 sed,
807 615 892 640 cum
915 606 951 639 in

243 663 393 698 excelso
420 663 570 698 dicitur.
597 663 838 698 sublimitatis
866 664 952 698 emi-

243 720 373 756 nentia
396 721 694 763 commendatur,
718 731 802 755 cum
827 722 952 755 autem

245 779 281 813 in
320 778 520 823 profundo,
556 779 763 814 difficultas
800 778 953 814 investi-

243 837 410 881 gationis
447 841 485 872 et
521 837 750 882 cognitionis
788 836 839 871 111
875 836 953 880 208,

246 895 299 930 19.
328 905 362 930 v.
392 894 544 930 caritas.

198 1024 428 1069 Alypius
460 1025 662 1060 Mediolani
694 1025 865 1060 initiatus
897 1030 954 1060 est

245 1083 260 1116 I
295 1083 349 1126 76,
384 1083 415 1117 9.
449 1083 675 1118 adulescens
710 1093 793 1118 cum
832 1083 873 1117 A.
907 1083 976 1118 der

245 1140 484 1185 philosophia
522 1140 741 1185 disputabat
779 1141 794 1175 Ι
829 1142 862 1183 6,
900 1141 953 1175 15.

246 1208 321 1232 una
344 1209 428 1233 cum
454 1199 496 1233 A.
523 1198 726 1234 Zenobium
752 1199 789 1233 in
813 1199 954 1234 littera-

246 1267 326 1291 rum
362 1257 497 1292 studiis
533 1260 574 1292 ut
609 1260 778 1302 teneret„
801 1267 953 1301 operam

246 1314 361 1348 dabat
392 1315 406 1349 I
436 1316 469 1357 4,
502 1316 555 1350 13.
586 1325 670 1349 eum
702 1315 739 1349 in
769 1325 838 1349 sua
868 1325 971 1361 con-¹

246 1373 438 1407 iunctione
485 1373 668 1407 mansisse
716 1373 758 1407 A.
807 1372 971 1417 plurimi}

247 1430 474 1465 aestimabat
498 1431 511 1465 Ι
536 1431 591 1473 55,
615 1431 650 1472 2·,
675 1431 721 1472 cf.
746 1432 799 1473 75.
823 1433 855 1466 3.
879 1442 972 1476 ηοηζ

246 1488 371 1523 animo
411 1499 495 1523 eum
535 1494 648 1533 atque
689 1490 731 1524 A.
771 1490 837 1524 scd
875 1500 972 1528 cor-i

247 1557 336 1590 pore
368 1547 476 1583 duos.
507 1547 570 1591 qui
602 1551 773 1583 noverat.
805 1548 956 1583 dicebat

246 1604 262 1638 I
292 1605 368 1643 104,
396 1606 427 1639 7.
456 1605 554 1640 idem
583 1606 626 1639 A.
655 1605 787 1640 aderat
817 1605 853 1639 in
882 1605 951 1640 (lis-

245 1662 505 1706 putationibus
527 1674 610 1698 cuin
631 1663 811 1697 Fortunio
833 1664 973 1698 Dona-2

247 1721 338 1755 tista
370 1725 406 1756 et
441 1731 525 1755 cum
559 1721 760 1755 Pascentio
795 1722 955 1755 Arriano

248 1779 385 1813 habitis
414 1779 447 1813 II
477 1780 553 1817 114,
582 1780 634 1814 11.
662 1780 712 1813 IV
739 1780 818 1821 535,
846 1780 878 1815 8.
907 1779 955 1813 ad

248 1848 331 1871 eum
369 1837 416 1872 ab
452 1838 496 1871 A.
533 1838 644 1872 datae
682 1842 768 1872 sunt
806 1848 863 1882 ep.
901 1838 975 1884 294

248 1896 302 1930 83.
346 1896 421 1930 125.
463 1896 543 1935 227;
585 1895 632 1930 ab
673 1896 716 1930 A.
756 1906 832 1930 una
871 1897 974 1930 cum*

250 1953 386 1998 Alypio
414 1954 550 1988 missae
578 1965 635 1998 ep.
661 1955 714 1988 41.
740 1954 795 1988 45.
819 1954 874 1989 53.
899 1953 955 1988 62.

247 2012 302 2045 69.
341 2012 396 2046 70.
440 2012 515 2046 170.
556 2012 632 2046 171.
674 2012 750 2047 186.
791 2012 869 2055 188;
910 2012 974 2054 (Ι.;

249 2073 448 2114 praeterea
504 2071 823 2115 subscriptionem
877 2071 954 2115 epi-

248 2128 372 2161 stuzae
417 2128 495 2162 248.

249 2185 400 2229 rogavit
448 2184 666 2221 Dioscorus.
715 2189 754 2219 ut
804 2195 953 2229 respon-

248 2243 381 2277 derent
407 2243 455 2278 ad
483 2243 664 2287 quasdam
694 2243 940 2287 interrogatio

250 2311 315 2335 nes
351 2311 395 2335 ex
431 2301 624 2336 Ciceronis
658 2301 819 2345 dialogis
854 2304 956 2335 ortas

250 2358 281 2392 11
321 2359 399 2395 664.
440 2360 469 2392 1.
511 2359 738 2394 Consentius
778 2359 975 2403 Alypium3

249 2416 353 2458 adiit,
393 2421 433 2451 ut
474 2427 625 2461 precum
666 2427 816 2451 suarum
856 2417 975 2463 apud¹

251 2474 294 2508 A.
343 2478 445 2509 esset
494 2475 643 2510 adiutor
694 2475 724 2508 II
774 2475 853 2512 698,
904 2468 975 2509 14st

251 2531 409 2576 Alypius
431 2536 466 2567 et
487 2533 531 2567 Α.
552 2531 720 2567 Tubunis
742 2543 825 2567 cum
847 2533 975 2591 Boni-Q

250 2589 355 2626 satio.
392 2590 543 2625 Africae
581 2591 729 2627 comite.
766 2590 975 2625 conlocuti

251 2652 337 2681 sunt
390 2648 440 2682 IV
490 2649 568 2691 433,
618 2649 650 2683 3.
703 2649 762 2683 ille
814 2648 956 2683 Romae

252 2705 386 2753 ninam
429 2705 543 2740 libros
586 2706 785 2750 descripsit
830 2711 866 2741 et
907 2693 975 2765 aa}

251 2762 294 2797 A.
344 2763 445 2798 misit
494 2764 651 2799 multum
702 2764 859 2808 instans,
910 2775 975 2820 ne¹

554 2133 754 2173 utrumque
812 2122 978 2173 paritei}

973 2182 974 2196 π
1038 2169 1331 2214 descriptionem
1360 2170 1430 2205 sibi
1457 2170 1622 2205 mitteret
1649 2170 1663 2204 I
1693 2171 1747 2204 76.

1657 126 1733 167 121

1032 250 1260 295 respondere
1297 255 1539 287 cunctaretur
1575 251 1625 286 IV
1661 251 1739 294 452,

1034 309 1086 342 10.
1112 309 1210 344 idem
1236 309 1445 349 Paulinum,
1471 310 1578 345 cuius
1603 320 1739 346 nomen

1031 371 1278 411 cognoverat,
1315 378 1399 402 cum
1434 368 1637 403 Mediolani
1674 368 1740 403 ini-

1037 424 1195 459 tiaretur
1211 425 1225 459 Ι
1241 425 1295 468 76,
1310 426 1342 468 8,
1357 429 1397 461 et
1410 426 1453 460 Α.
1469 425 1566 461 inter
1588 437 1627 461 se
1649 436 1738 462 con-

1033 483 1195 518 sociavit
1235 483 1250 517 Ι
1290 483 1345 527 82,
1386 484 1439 519 17.
1480 484 1557 527 123,
1598 484 1651 519 18.
1691 484 1739 519 ad

1032 540 1231 575 Paulinum
1265 541 1411 576 litteras
1445 542 1549 577 dedit
1583 542 1598 576 I
1632 542 1687 585 73,
1720 542 1741 576 9

1030 602 1067 632 et
1086 599 1167 633 eius
1187 609 1340 634 munere
1360 599 1541 635 Paulinus
1561 600 1604 634 A.
1625 599 1740 635 libros

1033 660 1165 691 contra
1224 657 1465 692 Manicliaeos
1521 658 1670 702 accepit
1727 656 1741 692 1

1034 715 1088 755 74,
1129 715 1181 749 13.
1220 716 1274 757 78,
1314 716 1366 749 12.
1405 717 1460 758 83,
1500 717 1531 750 1.
1572 717 1647 759 123,
1688 717 1740 751 19.

1034 772 1217 808 Paulinus
1245 774 1384 818 Alypio
1414 774 1460 809 de
1489 775 1660 818 episcopi
1686 775 1739 809 di-

1033 831 1180 874 gnitate
1216 831 1431 876 gratulatus
1469 836 1526 866 est
1562 832 1577 866 1
1615 833 1669 875 74,
1706 832 1742 874 13

1035 889 1243 932 ‘dominus‘,
1291 889 1432 931 scribit,
1479 890 1528 924 ‘in
1574 890 1743 925 civitatis

1034 957 1124 981 suae
1151 951 1187 982 te
1214 947 1360 982 civibus
1387 947 1632 992 principalem
1657 958 1741 983 cum

1035 1005 1266 1049 principibus
1295 1006 1424 1050 populi
1453 1006 1511 1041 sui
1538 1006 1627 1042 sede
1655 1016 1743 1050 apo-

1036 1063 1171 1098 stolica
1205 1064 1339 1099 merito
1374 1064 1601 1099 conlocavit‘
1637 1063 1651 1098 1
1687 1065 1741 1107 74,

1035 1122 1070 1163 43
1098 1121 1144 1161 cf.
1174 1121 1207 1155 II
1235 1122 1257 1156 8
1285 1121 1340 1155 21.
1370 1122 1467 1156 idem
1496 1122 1627 1157 laudat
1656 1121 1744 1166 Aly-

1036 1179 1148 1223 pium.
1169 1180 1270 1224 quod
1293 1190 1377 1214 cum
1399 1180 1567 1224 episcopi
1590 1190 1743 1215 munere

1035 1239 1209 1273 monachi
1241 1239 1359 1273 vitam
1390 1232 1586 1283 copularet
1617 1239 1744 1283 itaque

1035 1296 1072 1330 in
1099 1297 1199 1331 clero
1226 1297 1442 1332 sanctitatis
1469 1307 1560 1333 suae
1586 1297 1744 1332 comites

1034 1360 1070 1390 ct
1102 1355 1139 1389 in
1168 1356 1407 1390 monasteriis
1438 1356 1523 1390 fidei
1554 1366 1597 1390 ac
1627 1356 1744 1390 virtu-

970 1420 971 1424 ’
1036 1414 1084 1448 tis
1110 1414 1363 1449 aemulatores
1389 1413 1545 1449 haberet
1570 1414 1583 1448 I
1610 1415 1664 1450 74.
1689 1414 1744 1449 23.

1037 1472 1174 1507 Eusebi
1210 1472 1406 1507 historiam
1440 1472 1474 1507 ei
1507 1472 1609 1506 misit
1641 1472 1656 1506 1
1691 1473 1745 1514 75,

1036 1531 1055 1564 7
1086 1534 1120 1565 et
1152 1540 1285 1574 panem
1316 1531 1369 1571 78,
1399 1530 1430 1564 2.
1460 1531 1622 1575 epistula
1651 1530 1694 1564 24
1723 1540 1745 1564 a

1037 1588 1194 1623 Paulino
1222 1589 1270 1623 ad
1299 1588 1478 1633 Alypium
1505 1588 1595 1623 data
1624 1592 1682 1623 est
1708 1591 1745 1623 et

1037 1646 1149 1690 Alypi
1212 1646 1279 1681 ad-
1322 1647 1519 1681 Paulinum
1583 1647 1745 1691 epistula

1037 1709 1265 1739 memoratur
1309 1705 1340 1739 ΙΙ
1383 1706 1414 1742 8,
1457 1705 1511 1739 21.
1556 1705 1745 1749 ‘Alypium

1037 1766 1118 1797 toto
1185 1767 1337 1807 pectore
1403 1763 1643 1808 amplecteris
1708 1767 1745 1798 ct

1038 1821 1194 1858 merito‘.
1228 1821 1358 1856 scribit
1391 1822 1434 1856 A.
1467 1823 1515 1856 ad
1548 1821 1745 1856 Paulinum

1041 1879 1054 1912 Ι
1099 1880 1175 1921 100,
1218 1879 1261 1914 23
1304 1883 1341 1914 et
1383 1879 1564 1915 Paulinus
1607 1890 1744 1924 magna

1038 1937 1284 1973 veneratione
1325 1948 1408 1973 eum
1451 1938 1691 1982 prosequitur
1733 1937 1746 1971 1

1038 1996 1092 2038 77,
1115 1996 1147 2038 5,
1170 1984 1409 2031 benedictum
1431 2000 1469 2031 et
1490 1995 1744 2031 venerabilem

1039 2053 1258 2098 episcopum
1293 2054 1460 2099 appellat
1496 2054 1510 2088 Ι
1546 2055 1600 2097 78,
1637 2054 1689 2088 12.
1725 2065 1747 2088 a

1039 2121 1112 2156 quo
1143 2122 1226 2146 cum
1259 2117 1417 2157 peteret,
1448 2117 1488 2147 ut
1520 2113 1622 2149 vitae
1654 2122 1743 2147 suae

1040 2229 1069 2267 1,
1112 2229 1350 2264 verecundus
1393 2229 1452 2264 ille
1495 2228 1659 2271 nolebat,
1702 2229 1745 2263 A.

1038 2290 1163 2321 autem
1193 2287 1355 2331 epistula
1383 2287 1488 2330 adiit,
1516 2287 1579 2331 qui
1607 2287 1678 2322 hoc
1707 2296 1746 2321 se

1039 2344 1225 2379 facturum
1255 2355 1338 2380 esse
1367 2345 1536 2390 promisit
1567 2345 1581 2379 I
1611 2345 1686 2387 101,
1713 2345 1745 2379 3.

1042 2409 1245 2449 antequam
1312 2405 1604 2450 Tagastensium
1670 2405 1745 2449 epi-

1040 2475 1177 2509 scopus
1215 2466 1338 2500 factus
1373 2470 1430 2500 est
1466 2465 1639 2509 quamvis
1676 2465 1747 2499 iarn

1037 2523 1260 2567 episcopatu
1294 2523 1443 2568 dignus,
1478 2523 1746 2567 Hieronymum

1040 2584 1074 2617 in
1105 2584 1321 2619 Palaestina
1349 2584 1445 2619 vidit
1475 2584 1489 2618 Ι
1519 2585 1595 2626 104,
1623 2584 1655 2626 2,
1683 2583 1746 2628 qui

1040 2644 1175 2678 deinde
1214 2644 1250 2678 in
1288 2644 1460 2688 epistulis
1497 2645 1553 2679 39.
1590 2645 1644 2679 81.
1682 2644 1747 2678 123

1039 2704 1087 2738 ad
1116 2705 1159 2738 A.
1186 2705 1286 2739 datis
1315 2715 1399 2740 euin
1429 2705 1649 2739 nominatim
1677 2704 1747 2739 sal-

1040 2775 1128 2800 vere
1164 2764 1287 2807 iussit,
1323 2765 1523 2809 epistulam
1557 2764 1624 2800 202
1658 2764 1747 2799 utri-
