2078 3054
274 118 328 158 26
909 131 1049 167 Index
1078 131 1151 166 ΙΙΙ.

274 247 409 290 quensi
445 246 671 282 Bonifatius.
708 251 747 281 ut
786 258 832 282 ex
868 248 1044 291 epistulis
1080 248 1182 283 illius
1216 249 1307 284 anni
1346 250 1390 283 96
1425 255 1460 285 et
1496 251 1542 284 97
1577 252 1783 295 apparet.¹›

274 314 396 348 neque
431 314 522 339 vero
558 304 748 347 prioribus
782 305 1030 348 episcopatus
1065 306 1176 340 annis
1210 306 1303 341 haec
1341 307 1507 350 epistula
1542 308 1785 343 attribuenda

275 364 348 403 est}
390 361 628 405 Augustinus
668 361 766 396 enim
807 365 939 397 narrat
976 363 1135 398 Paulum
1175 363 1213 397 in
1252 363 1403 399 Christo
1444 364 1530 399 Iesu
1568 376 1635 409 per
1674 376 1788 401 evan-

273 419 414 463 gelium
446 430 467 453 a
500 429 538 454 se
574 419 744 463 genitum
776 420 916 455 multos
948 421 986 455 in
1018 421 1219 457 ecclesiam
1255 422 1482 461 catholicam
1516 424 1716 468 collegisse
1749 430 1784 459 et

275 478 459 521 paulatim
493 482 642 513 tantum
676 479 776 513 curis
810 479 1070 514 saecularibus
1104 479 1329 522 impeditum
1362 490 1492 515 veram
1528 481 1785 525 episcopalem

274 536 393 571 vitam
419 536 638 581 cultumque
663 536 875 581 reliquisse,
900 536 954 571 ita
979 540 1020 571 ut
1046 536 1211 580 amplius
1236 537 1270 572 ei
1294 537 1576 573 communicare
1601 539 1786 584 nequiret.

391 583 591 637 'Epistula
624 595 668 629 86
699 594 939 639 Augustinus
970 593 1231 629 Caecilianum
1265 599 1388 639 rogat,
1419 599 1472 639 ut,
1503 600 1687 640 quantum
1721 607 1787 640 per

274 651 370 686 alias
395 651 549 687 Africae
574 656 697 687 terras
723 652 863 687 unitati
892 652 1103 687 catholicae
1130 652 1294 687 mirabili
1321 652 1494 687 efficacia
1520 653 1787 697 consuluisset,

275 713 423 744 tantum
445 709 560 744 etiam
582 710 777 754 regionem
798 709 1119 754 Hipponiensium
1141 709 1349 754 Regiorum
1370 714 1408 745 et.
1428 710 1462 745 ei
1486 710 1636 746 vicinas
1658 715 1788 755 partes

276 766 499 810 praesidiali
521 767 637 802 edicti
660 768 718 802 sui
740 768 873 812 vigore
896 767 1111 802 adiuvaret.
1148 767 1391 802 Caecilianus
1412 767 1565 812 quidem
1590 778 1665 813 quo
1686 779 1788 804 anno

275 823 444 859 Africam
479 824 821 869 administraverit,
855 825 1092 870 incognitum
1129 830 1199 868 est,
1235 825 1302 860 sed
1338 825 1375 860 id
1410 825 1512 870 quod
1550 825 1789 871 Augustinus

275 883 321 919 de
350 883 498 919 unitate
526 883 718 918 catholica
744 883 848 926 dicit,
875 883 968 918 mire
998 883 1161 928 quadrat
1190 883 1239 918 ad
1270 883 1363 918 illud
1392 887 1556 927 tempus,
1583 893 1658 928 quo
1686 894 1790 919 acer-

276 941 381 976 rimis
401 941 550 986 legibus
571 951 603 975 a.
624 941 692 975 405
713 951 842 976 mense
864 941 1071 976 Februario
1096 941 1134 975 in
1156 939 1382 975 Donatistas
1403 940 1493 975 latis
1515 950 1575 975 res
1600 941 1789 976 catholica

275 1002 478 1042 tantopere
510 999 727 1042 superabat,
761 1003 803 1033 ut
834 1008 909 1033 non
941 998 995 1032 illi
1026 1002 1093 1033 aut
1126 997 1180 1032 illi
1211 998 1395 1042 homineS,
1427 998 1494 1033 sed
1525 998 1668 1034 multae
1699 999 1790 1033 civi-

276 1060 388 1101 tates,
418 1067 515 1101 quae
548 1056 708 1091 fuissent
743 1055 982 1099 Donatistae,
1013 1060 1092 1090 tum
1124 1060 1253 1090 essent
1284 1055 1497 1090 catholicae
1511 1055 1540 1099 ²¹)
1574 1060 1612 1091 et
1643 1056 1791 1091 Idatius

277 1115 441 1150 scribere
466 1118 598 1158 posset
624 1124 668 1149 eo
694 1124 795 1148 anno
820 1114 920 1148 intra
945 1113 1156 1148 catholicos
1180 1118 1219 1149 et
1242 1113 1467 1148 Donatistas
1491 1114 1678 1149 unitatem
1706 1124 1789 1149 esse

277 1172 462 1217 factam.³)
509 1183 631 1217 neque
664 1172 842 1207 abhorret
875 1172 922 1206 ab
954 1172 1024 1206 hac
1056 1171 1241 1215 temporis
1274 1171 1434 1214 ratione,
1470 1171 1572 1216 quod
1606 1171 1717 1216 idem,
1750 1176 1792 1207 ut

276 1231 441 1275 videtur,
468 1230 711 1265 Caecilianus
740 1241 773 1264 a.
800 1230 867 1264 409
896 1229 1114 1273 praefectus
1142 1229 1335 1272 praetorio
1364 1228 1482 1264 fuisse
1510 1229 1718 1273 traditur.⁴)

417 1289 460 1323 In
491 1287 651 1322 exordio
680 1287 869 1330 epistulae
898 1287 942 1322 87
973 1298 1055 1321 cum
1089 1286 1328 1332 Augustinus
1358 1286 1567 1321 Emeritum
1598 1297 1637 1322 se
1668 1297 1790 1331 neque

277 1356 389 1382 nosse
423 1356 545 1391 neque
580 1356 759 1390 umquam
797 1355 881 1379 cum
916 1355 960 1379 eo
998 1344 1241 1379 conlocutum
1276 1355 1360 1379 esse
1395 1343 1596 1389 significet,
1632 1348 1790 1389 uterque

276 1407 403 1439 autem
435 1404 474 1438 in
503 1402 723 1450 conlatione·
752 1402 1047 1447 Carthaginensi
1079 1413 1112 1436 a.
1143 1402 1207 1436 411
1243 1401 1372 1436 habita
1405 1401 1622 1437 interfuerit
1654 1402 1791 1446 princi-

278 1471 439 1505 pemque
479 1459 604 1495 Iocum
648 1459 867 1504 obtinuerit,
910 1460 1081 1505 sequitur
1122 1459 1326 1502 epistulam
1368 1463 1457 1494 ante
1502 1458 1607 1494 illum
1649 1469 1790 1493 annum

277 1519 461 1562 scriptam
489 1528 584 1554 esse.
622 1529 669 1554 ex
694 1518 815 1553 altera
841 1522 950 1561 parte
977 1517 1015 1552 in
1041 1529 1072 1551 c.
1098 1518 1118 1551 4
1145 1522 1180 1552 et
1206 1517 1228 1551 5
1253 1517 1299 1551 de
1328 1516 1459 1561 Optati
1484 1516 1791 1562 Tamugadensis

277 1577 463 1620 potentia,
493 1586 589 1621 quae
617 1586 651 1610 a.
677 1576 746 1610 398
773 1575 897 1610 fracta
925 1579 995 1619 est,
1022 1575 1076 1610 ita
1104 1574 1143 1609 fit
1172 1574 1327 1618 mentio,
1354 1579 1396 1609 ut
1424 1574 1641 1618 complures
1668 1584 1790 1609 annos

277 1633 541 1669 intercessisse
570 1633 816 1668 manifestum
847 1633 906 1677 sit,
935 1638 984 1677 et,
1014 1633 1116 1678 quod
1146 1632 1183 1667 in
1213 1642 1243 1666 e.
1274 1633 1293 1666 7
1323 1637 1358 1667 et
1388 1633 1420 1676 8,
1449 1632 1614 1667 maxime
1647 1643 1683 1676 p.
1712 1632 1791 1667 404.

275 1692 391 1726 8-19
416 1692 463 1727 de
493 1691 699 1736 implorata
724 1690 940 1734 principum
968 1695 1006 1726 et
1032 1690 1326 1735 magistratuum
1358 1693 1550 1734 potestate
1578 1689 1791 1733 disseritur,

278 1749 351 1784 nisi
373 1750 421 1784 de
441 1748 635 1794 legatione
658 1759 691 1783 a.
714 1749 781 1783 404
807 1759 853 1783 ex
877 1748 1039 1783 concilio
1062 1747 1359 1792 Carthaginensi
1380 1747 1497 1783 missa
1521 1751 1558 1783 et
1581 1748 1628 1782 de
1652 1746 1792 1783 severi-

277 1810 355 1842 tate
382 1807 509 1852 legum
539 1806 695 1842 ineunte
721 1816 822 1841 anno
850 1806 917 1840 405
945 1806 983 1840 in
1009 1805 1235 1840 Donatistas
1263 1805 1591 1850 promulgatarum
1620 1804 1791 1850 intellegi

278 1875 354 1899 non
378 1868 518 1908 potest.
554 1863 761 1899 inserenda
783 1863 899 1908 igitur
921 1868 979 1898 est
1004 1863 1172 1907 epistula
1198 1863 1296 1898 inter
1321 1874 1353 1897 a.
1377 1862 1446 1897 405
1469 1867 1504 1897 et
1530 1862 1608 1896 411.

419 1921 633 1965 Epistulam
660 1922 705 1957 88
734 1920 971 1965 aliquamdiu
998 1926 1085 1965 post
1113 1921 1218 1965 leges
1246 1931 1346 1955 anno
1373 1920 1441 1954 405
1468 1920 1580 1955 datas
1610 1920 1791 1964 scriptam

279 1989 363 2014 esse
386 1990 433 2014 ex
454 1990 499 2014 eo
521 1982 692 2024 apparet,
715 1978 816 2023 quod
839 1978 925 2013 illae
946 1978 1050 2023 leges
1073 1989 1107 2022 p.
1130 1978 1209 2017 412,
1232 1978 1274 2012 14
1297 1978 1530 2012 recentiores
1551 1976 1793 2022 appellantur

280 2048 487 2082 earumque
519 2037 617 2072 inter
651 2036 876 2071 Donatistas
911 2036 1071 2071 effectus
1107 2047 1141 2081 p.
1177 2036 1255 2079 414,
1291 2036 1441 2078 8—415,
1476 2035 1519 2069 10
1554 2035 1792 2070 describitur.

279 2095 417 2131 deinde
442 2106 478 2140 p.
504 2096 583 2139 416,
605 2094 743 2130 20—22
765 2095 909 2140 legatio
933 2095 1122 2140 quaedam
1147 2098 1466 2129 commemoratur
1491 2093 1792 2135 Donatistarum,

279 2164 376 2198 quae
412 2153 450 2188 in
486 2152 635 2187 Italiam
675 2152 941 2197 navigavisset
976 2157 1013 2187 et
1049 2152 1151 2195 apud
1191 2162 1214 2195 p
1230 2162 1247 2185 r
1261 2162 1282 2186 a
1298 2162 1317 2186 e
1333 2151 1347 2185 f
1361 2162 1380 2186 e
1396 2156 1480 2186 cto
1497 2161 1513 2186 s
1549 2151 1599 2186 di
1616 2162 1638 2184 x
1655 2151 1697 2185 is
1713 2161 1730 2185 s
1744 2154 1792 2185 et

280 2220 330 2246 se
356 2209 540 2245 audiri
565 2220 624 2245 ve
641 2210 801 2244 nisse.
839 2220 951 2255 quam
977 2207 1209 2254 legationem
1236 2209 1396 2246 eandem
1426 2219 1510 2243 esse
1537 2213 1652 2254 atque
1679 2208 1793 2251 illam,

279 2267 326 2302 de
352 2279 426 2313 qua
453 2268 492 2302 in
518 2268 615 2302 actis
644 2267 875 2303 conlationis
901 2267 1217 2312 Carthaginensis
1244 2277 1277 2301 a.
1304 2267 1367 2301 411
1399 2266 1552 2301 habitae
1579 2266 1792 2308 disseritur,

281 2335 356 2359 non
392 2330 450 2360 est
485 2326 587 2370 quod
622 2325 851 2360 dubitemus.
897 2325 1060 2369 legimus
1096 2324 1195 2359 enim
1234 2325 1270 2358 in
1306 2324 1403 2359 actis
1439 2323 1515 2358 diei
1551 2323 1605 2357 111
1644 2333 1674 2358 c.
1713 2323 1791 2357 124:

281 2382 584 2418 Fortunatianus
621 2384 828 2427 episcopus
867 2383 1053 2417 ecclesiae
1093 2382 1305 2417 catholicae
1344 2382 1476 2416 dirits
1499 2382 1553 2415 ‘Si
1591 2382 1794 2425 praecipis,

280 2443 391 2484 {festa
415 2441 621 2474 recitamus
648 2442 687 2474 in
712 2441 853 2474 iudicio
879 2440 1010 2475 habita
1034 2440 1327 2484 praetecta
1344 2448 1454 2480 rae,
1479 2437 1566 2472 ubi
1591 2449 1643 2472 se
1669 2447 1795 2483 pars

280 2496 516 2532 adversa
560 2497 746 2532 audiri
788 2500 1083 2542 tantopere
1124 2497 1449 2541 flayz‘tavit·,
1493 2496 1595 2540 quod
1639 2495 1792 2540 quando

423 2613 449 2655 ¹)
481 2622 516 2655 p.
539 2612 618 2655 515,
641 2612 676 2654 23
699 2612 735 2647 6:
763 2612 913 2650 13-142
936 2612 1015 2655 518,
1040 2611 1092 2646 15.
1276 2611 1305 2655 2)
1335 2620 1371 2654 p.
1394 2610 1472 2654 461,
1498 2611 1644 2645 11—13.

422 2668 450 2711 ³)
482 2668 607 2713 Migne
636 2669 772 2712 patrol.
800 2668 865 2703 lat.
895 2668 942 2703 LI
970 2679 1006 2713 p.
1032 2662 1111 2713 91⁵2,
1137 2668 1193 2703 52.

424 2726 451 2770 Ἰ)
481 2725 669 2760 Theodos.
699 2726 760 2761 lib.
791 2725 843 2760 IX
875 2726 906 2770 2,
935 2727 970 2769 53
1001 2727 1036 2769 67,
1066 2727 1098 2770 3,
1129 2727 1163 2770 73
1196 2727 1248 2769 16,
1280 2726 1336 2769 1⁶2,
1367 2726 1421 2769 31,
1457 2726 1490 2769 13
1520 2725 1575 2770 36,
1608 2725 1643 2768 (ἐς
1672 2726 1728 2768 37,
1759 2725 1794 2765 43

284 2782 334 2817 XI
359 2786 391 2819 s.
416 2785 451 2819 3:
476 2784 532 2827 39,
560 2784 612 2818 13.
