2078 3054
956 118 1097 153 Index
1126 118 1170 152 V.
1753 105 1837 146 265

336 231 486 266 dinibus
518 231 696 276 Aegypti,
725 230 786 266 ubi
818 229 1049 265 monasteria

337 289 445 333 quasi
488 299 623 323 secura
662 287 864 333 degebant,
904 298 925 322 a
965 287 1047 321 bar-

337 345 437 380 baris
478 345 668 380 interfecti
710 349 797 380 sunt
838 345 973 379 fratres
1015 343 1047 378 11

337 403 416 445 643,
466 402 500 436 5.
552 402 750 446 presbyter
800 412 876 436 non
927 401 1048 436 solum

338 458 427 493 alibi
448 459 646 494 ordinatus
669 459 734 494 sed
759 459 794 493 in
818 458 1047 493 monasterio

339 516 462 552 adhuc
517 517 749 551 constitutus
804 517 834 551 si
887 527 925 551 re
979 527 1046 551 sua

339 584 414 608 non
440 574 599 608 vendita
622 585 690 608 nec
718 585 784 618 per
808 574 1048 608 manifestam

338 630 582 665 donationem
616 624 656 665 iri
684 631 898 675 quempiam
931 634 1050 665 trans-

337 688 416 722 lata
443 692 663 722 moreretur.
690 698 765 722 non
792 688 864 722 nisi
892 687 1049 722 heredes

339 745 419 779 eius
459 745 494 778 in
535 755 616 779 eam
656 745 860 779 succedere
897 743 1068 779 videba-¹

340 806 400 836 tur
423 802 466 836 A.
491 802 523 836 11
544 803 624 845 390,
646 803 682 845 9,
707 804 752 843 ct.
775 802 854 836 391.
881 803 931 836 13.
955 782 1069 845 quas!

339 858 644 903 perturbationes
695 859 737 893 A.
785 858 877 893 liber
926 859 1051 902 inpru-

339 916 453 951 dente
476 915 612 951 abbate
635 916 840 951 Valentino
863 916 900 950 in
923 926 1050 950 mona-

340 973 495 1008 sterium
537 973 686 1008 delatus
726 973 953 1008 excitaverit
992 982 1069 1017 ep.t

340 1030 418 1064 216.

294 1092 339 1136 [M
355 1102 376 1127 0
392 1103 415 1126 n
431 1092 479 1127 ni
495 1103 512 1128 c
529 1093 575 1138 a].
607 1093 811 1137 Augustini
844 1095 974 1136 mater,
1006 1091 1053 1127 de

341 1149 488 1185 sabbati
522 1150 663 1185 ieiunio
698 1150 862 1185 sollicita
895 1150 933 1184 in
966 1150 1071 1220 ωτι-Ι

340 1206 442 1242 brosi
476 1208 645 1252 episcopi
681 1207 871 1242 sententia
903 1207 1070 1251 acquic-1

341 1265 396 1299 vit
420 1265 452 1298 ΙΙ
474 1265 529 1300 62.
551 1266 676 1300 4—17.
702 1266 778 1307 160,
804 1264 974 1307 17—-161‚
998 1264 1050 1298 11.

1131 233 1204 265 tem
1250 231 1313 275 qui
1358 230 1429 265 sibi
1471 230 1552 275 ipse
1597 231 1722 273 infert,
1766 240 1841 266 non

1131 287 1252 322 solum
1287 287 1335 322 ad
1370 290 1518 332 tempus
1554 288 1620 323 sed
1655 288 1768 322 etiam
1805 287 1841 322 in

1131 348 1327 379 aeternum
1366 345 1534 387 moritur,
1572 345 1686 379 etiam
1725 344 1755 379 si
1793 344 1841 379 ad

1132 401 1231 436 mala
1267 401 1396 447 aliqua
1435 407 1636 446 cogeretur
1672 401 1725 436 111
1761 402 1838 445 643,

1132 459 1163 493 7.
1191 459 1244 493 11.

1178 515 1289 550 Pueri
1318 515 1478 550 alicuius
1506 515 1656 551 beatam
1684 518 1842 551 mortem

1133 576 1286 607 enarrat
1326 572 1496 607 Evodius
1538 572 1591 607 III
1632 573 1712 617 489,
1754 573 1844 607 16—

1133 630 1211 673 490,
1235 629 1289 664 25.
1312 630 1390 673 495,
1412 630 1561 673 9—496,
1586 630 1640 664 12.
1664 630 1843 675 Augusti-

1133 697 1203 721 nus
1236 687 1458 722 consolatur
1489 687 1536 722 de
1568 691 1688 723 morte
1721 687 1844 722 mariti

1134 744 1304 778 Italicam
1346 744 1380 778 ΙΙ
1420 744 1498 787 436,
1538 745 1687 788 5-438,
1726 745 1758 788 2,
1797 744 1843 779 de

1134 805 1254 837 morte
1290 801 1418 837 fratris
1455 801 1633 846 Sapidam
1669 811 1727 846 ep.
1763 802 1845 844 263;

1133 859 1179 900 ct.
1209 869 1267 905 ep.
1296 859 1374 894 259.

1086 932 1122 956 m
1138 932 1159 956 ο
1174 933 1191 956 r
1205 925 1221 956 t
1235 932 1257 956 u
1272 932 1294 957 0
1310 933 1328 956 r
1341 933 1365 956 u
1380 933 1415 956 m
1460 922 1629 957 visiones
1675 925 1713 957 et
1758 921 1846 956 visi-

1135 979 1299 1014 tationes
1328 989 1393 1024 per
1421 979 1569 1014 somnia
1595 982 1632 1014 et
1659 983 1768 1014 extra
1794 979 1845 1013 ΙΙΙ

1133 1037 1212 1079 494.
1261 1037 1431 1080 11—495‚
1477 1037 1498 1071 8
1542 1036 1711 1080 (Evod.).
1758 1036 1846 1070 visi-

1135 1094 1300 1128 tationes
1357 1097 1605 1137 mortuorum,
1661 1093 1725 1138 qui
1782 1093 1847 1127 ali-

1135 1150 1287 1195 quando
1318 1154 1506 1185 venerunt
1536 1154 1574 1185 et
1601 1150 1719 1186 locuti
1749 1153 1847 1193 sunt,

1136 1208 1238 1252 quod
1264 1207 1317 1242 ita
1343 1211 1401 1242 est
1426 1208 1580 1251 factum.
1605 1211 1647 1242 ut
1670 1207 1847 1242 dixerunt

1136 1265 1188 1299 ΙΙΙ
1221 1265 1299 1308 494,
1332 1264 1503 1308 25-496,
1537 1265 1568 1298 7.
1601 1264 1645 1299 24
1678 1264 1846 1309 (Evod.).

296 1327 326 1360 M
344 1339 364 1360 o
382 1338 404 1361 n
419 1332 507 1362 tan
522 1338 545 1362 u
562 1339 578 1363 5
614 1339 648 1363 v.
684 1328 963 1373 Cataphrygae.
1069 1336 1071 1387 4
1136 1322 1214 1366 498,
1243 1322 1298 1356 21·

296 1385 364 1418 Mo
380 1395 403 1418 n
419 1388 433 1418 t
448 1396 467 1418 c
483 1395 505 1418 n
521 1385 601 1420 siu
618 1397 651 1419 m
677 1385 904 1420 vocabulum
929 1385 1054 1420 Dona-
1070 1428 1071 1434 ἵ
1090 1384 1160 1419 Mo
1177 1395 1192 1419 5
1208 1385 1288 1420 aie
1306 1395 1328 1419 a
1357 1385 1417 1419 lex
1449 1384 1482 1418 ΙΙ
1514 1384 1592 1428 296,
1624 1385 1677 1419 13.

343 1443 435 1476 tista
464 1443 598 1486 paucis
626 1443 850 1486 praesidens
883 1443 983 1476 Afris
1016 1443 1050 1476 in
1090 1447 1298 1492 Moyses
1338 1447 1507 1492 gestavit
1546 1451 1678 1491 typum
1720 1446 1848 1491 populi

344 1500 434 1534 urhe
458 1499 579 1534 Roma
604 1500 835 1544 propagavit
862 1500 891 1533 ll
921 1501 996 1542 154,
1020 1501 1071 1534 5
1137 1504 1361 1539 Iudaeorum
1397 1504 1435 1539 in
1469 1504 1659 1539 Christum
1695 1513 1847 1548 passum

298 1573 329 1596 m
346 1563 450 1596 ori:
503 1562 603 1607 quod
656 1563 786 1597 Enoch
837 1566 874 1597 et
926 1554 1071 1618 Helias}
1138 1565 1271 1605 postea
1306 1562 1486 1597 credituri
1522 1561 1574 1595 III
1607 1562 1686 1604 306,
1723 1560 1775 1595 12.
1812 1561 1848 1594 in

304 2305 492 2338 morio:
538 2307 600 2349 qui
645 2310 772 2340 tantae
817 2309 904 2339 suut
948 2305 1057 2339 fatui-

304 2543 407 2565 mor
422 2542 437 2565 s
457 2544 463 2565 ε
504 2532 549 2566 de
591 2537 709 2567 morte
751 2532 968 2567 voluntaria
1008 2533 1075 2566 ΙΙΙ,

343 1620 481 1654 mortui
526 1630 602 1654 non
650 1621 813 1656 fuerunt.
859 1620 924 1654 sed
970 1624 1071 1654 cum'

344 1677 421 1711 suis
475 1677 696 1721 corporibus
751 1687 796 1711 ex
850 1678 923 1711 ista
973 1678 1071 1728 vita¹

347 1735 534 1769 translati.
589 1745 827 1778 nequaquam
884 1732 1071 1768 ostenditi

344 1802 418 1825 non
456 1796 609 1835 propter
647 1795 844 1835 peccatum
885 1792 1071 1826 llomines³

345 1848 551 1882 secundum
589 1859 726 1892 corpus
762 1849 855 1883 mori
892 1849 942 1882 lv
979 1845 1071 1891 170,

347 1906 495 1941 17—31:
533 1906 578 1946 cs.
618 1906 694 1949 172,
729 1906 854 1941 8--19.
890 1906 935 1940 de
972 1906 1072 1953 illis,²

345 1962 407 2006 qui
471 1963 699 1998 adveniente
764 1963 916 1997 domino
980 1956 1072 1997 non}

345 2019 523 2054 videntur
553 2031 635 2054 esse
660 2011 850 2063 ‘iiiorituri,
881 2021 946 2055 sed
976 2018 1072 2054 vivi'

347 2077 482 2120 reperti
523 2077 558 2111 in
599 2078 920 2111 inmortalitatem.
959 2087 1055 2121 quae

347 2134 488 2167 sanctis
517 2135 652 2168 ceteris
683 2135 805 2174 datur,
836 2138 877 2169 ut
905 2138 1055 2178 aposto-

349 2191 404 2224 lus
442 2191 545 2225 dicit.
583 2192 775 2235 rapientur
813 2192 862 2225 IV
900 2191 976 2234 172,
1014 2192 1057 2224 21)

347 2269 371 2271 ff*
397 2249 471 2282 175.
504 2249 555 2281 lo.

349 2362 449 2395 tatis.
484 2366 523 2396 ut
560 2373 633 2396 non
669 2362 825 2396 multum
861 2372 883 2395 a
917 2362 1074 2406 pecori-,

348 2417 416 2452 bus
466 2419 654 2453 differant.
704 2419 892 2453 moriones
942 2419 1058 2462 vulgo

350 2479 491 2509 vocant
529 2476 577 2509 Ill
615 2477 695 2511 570.
733 2476 789 2510 12;
827 2477 872 2515 cf.
911 2476 988 2510 253.
1025 2476 1057 2510 3.

349 2589 427 2625 432.
458 2590 603 2624 1-433,
637 2590 689 2623 18.
718 2594 875 2623 mortem
907 2589 975 2623 sibi
1008 2590 1058 2623 in-

351 2646 449 2679 ferre
478 2656 552 2679 uon
583 2646 670 2680 licet
700 2646 750 2680 ΙΙΙ
779 2647 857 2682 642,
890 2646 1058 2682 18-644,

352 2703 408 2736 12;
437 2713 476 2737 se
504 2703 625 2746 ipsum
653 2703 866 2737 interimere
894 2703 1059 2747 inexpia-

351 2758 422 2794 bile
455 2760 562 2794 nefas
595 2764 652 2795 est
684 2760 734 2794 IV
767 2760 846 2804 572,
880 2760 932 2794 12.
965 2770 1078 2803 mor-¹,

1138 1628 1300 1662 persona
1337 1618 1457 1663 Moysi
1495 1618 1555 1653 lex
1593 1618 1779 1662 accipitur
1816 1617 1846 1651 ΙΙ

1137 1677 1215 1719 200,
1254 1676 1308 1710 22.
1348 1676 1531 1710 infantem
1572 1675 1687 1709 filium
1728 1674 1847 1718 Moysi

1137 1734 1296 1777 angelus
1342 1733 1614 1777 praefocasset,
1657 1733 1730 1767 nisi
1772 1743 1847 1767 ma,-

1139 1795 1195 1824 ter
1261 1794 1412 1835 arrepto
1478 1789 1625 1825 calculo
1691 1790 1847 1824 circum-

1139 1848 1293 1883 (ldisset
1337 1858 1492 1892 puerum
1534 1851 1571 1882 et
1612 1847 1683 1882 hoc
1725 1856 1849 1881 sacra-

1138 1910 1263 1939 mento
1327 1905 1583 1939 imminentem
1646 1903 1849 1948 perniciem

1139 1962 1348 2006 depulisset
1377 1962 1391 1996 I
1421 1962 1477 2005 68,
1505 1963 1538 1997 3.
1569 1962 1669 2006 magi
1699 1962 1849 2005 Aegyp-

1140 2020 1275 2053 tiorum
1341 2019 1558 2063 peritissimi
1623 2030 1646 2053 a
1708 2018 1850 2063 Moyse.

1141 2077 1280 2110 famulo
1328 2077 1400 2113 dei.
1447 2079 1535 2111 sunt
1584 2076 1751 2120 superati
1801 2075 1849 2109 ΙΙΙ

1142 2135 1215 2168 115.
1249 2136 1279 2167 l.
1314 2134 1460 2168 Pharao
1496 2137 1530 2167 et
1568 2133 1717 2177 Moyses
1752 2132 1850 2167 simi-

1140 2191 1190 2225 lia
1219 2192 1390 2225 fecerunt
1416 2191 1447 2224 ΙΙ
1476 2191 1553 2230 450.
1581 2191 1635 2224 24.
1664 2189 1851 2224 tolerabat

1141 2248 1290 2291 Moyses
1316 2248 1502 2282 adversus
1529 2247 1641 2282 deum
1667 2251 1724 2281 tot
1750 2246 1851 2280 milia

1142 2305 1415 2339 murmurantia
1462 2308 1499 2339 et
1546 2304 1687 2339 totiens
1735 2304 1851 2338 offen-

1140 2362 1270 2396 dentia.
1309 2365 1482 2396 sanctum
1522 2371 1659 2396 nomen
1698 2361 1779 2396 eius
1820 2360 1851 2394 ΙΙ

1143 2420 1218 2454 104.
1253 2420 1306 2453 27.
1342 2418 1570 2453 desiderium
1604 2418 1664 2453 dei
1697 2417 1851 2452 videndi

1142 2475 1290 2519 Moyses
1317 2475 1486 2510 ostendit
1511 2475 1563 2509 III
1588 2475 1666 2510 293.
1692 2475 1746 2508 21.
1774 2474 1852 2516 291,

1142 2534 1172 2566 7.
1217 2532 1294 2567 295.
1341 2534 1393 2567 19.
1439 2533 1519 2575 300,
1565 2533 1594 2566 1.
1640 2532 1851 2567 claritatem

1141 2590 1283 2624 domini
1314 2589 1412 2624 vidit
1442 2589 1495 2623 III
1524 2590 1602 2633 306,
1633 2589 1665 2623 6.
1697 2588 1852 2632 spiritus

1143 2651 1297 2681 sanctus
1326 2650 1408 2681 erat
1433 2646 1471 2680 in*
1496 2646 1626 2690 Moyse
1655 2646 1687 2680 Il
1715 2646 1793 2687 204,
1819 2646 1852 2679 5.

1142 2703 1313 2737 Christus
1376 2703 1507 2737 docuit
1569 2703 1725 2747 Moysen
1788 2712 1853 2746 per

1145 2760 1271 2795 lotlior
1316 2760 1369 2794 III
1414 2760 1494 2804 559,
1538 2760 1592 2794 11.
1638 2759 1685 2795 de
1731 2758 1851 2803 Moysi
