2078 3054
856 149 997 185 Index
1026 150 1069 184 V.
1660 135 1735 176 171

234 267 351 302 mittit
385 276 472 310 epp.
507 266 540 300 11
574 265 652 308 219,
689 266 740 300 10.
775 265 829 300 21.
864 264 943 307 220,

237 325 288 359 12.
330 324 545 367 concilium,
588 323 696 358 cuius
737 323 942 357 auctorita-

234 386 309 417 tem
338 382 387 417 ad
418 381 733 426 rebaptizandum
765 380 873 425 sequi
904 390 942 415 se

234 440 414 475 dicebant
467 438 707 483 Donatistae,
757 437 820 472 ubi
872 436 943 481 Cy-

234 497 360 540 priani
409 496 575 539 epistula
622 496 670 531 ad
720 494 943 530 Iubaianum

235 555 396 589 recitata
420 559 478 589 est
502 553 536 587 II
559 554 638 597 481,
663 554 716 588 16.
740 552 942 587 concilium

234 612 576 653 schismaticorum,
611 611 718 646 cuius
754 610 944 654 principa-

234 675 312 705 tum
362 670 517 704 tenebat
565 669 763 710 Secundus
808 667 944 712 Pigisi-

234 732 359 771 tanus,
406 726 609 761 Numidiae
655 730 745 761 tunc
791 724 944 769 primas,

235 785 298 820 ubi
349 785 528 820 absentes
579 784 688 829 quasi
738 783 945 818 traditores

236 853 302 886 per
332 852 473 877 eorum·
491 842 703 877 sententias
734 840 944 883 damnavit,

235 901 372 944 quibus
400 900 667 944 praesentibus
694 904 731 936 et
758 898 945 934 confessis

236 958 387 1001 ignovit
417 957 451 991 11
484 958 538 1000 87,
570 957 604 995 6:
638 957 684 997 cs.
716 957 769 1000 88,
804 957 856 990 17.
890 956 944 998 89,

236 1016 291 1050 26.
328 1016 383 1059 90,
422 1016 476 1050 27.
516 1015 570 1058 99,
611 1015 640 1049 7.
679 1014 732 1048 III
773 1013 850 1057 241,
892 1014 944 1048 13.

236 1073 437 1108 concilium
496 1072 812 1117 Carthaginense,
871 1080 945 1115 quo

237 1130 485 1175 septuaginta
511 1130 628 1165 ferme
656 1130 828 1174 episcopi
855 1129 946 1164 Cae-

237 1188 416 1223 cilianum
461 1198 545 1222 cum
589 1188 667 1222 suis
710 1187 867 1232 collegis
909 1191 945 1221 et

235 1246 521 1280 ordinatoribus
556 1246 850 1289 damnaverunt,
884 1245 946 1280 ubi

237 1303 351 1338 etiam
380 1303 517 1338 Felicis
546 1303 802 1348 Aptungitani
831 1312 946 1338 causa

238 1361 424 1396 ventilata
460 1366 519 1396 est
555 1360 588 1394 II
625 1360 680 1405 86,
716 1361 774 1404 243
810 1361 856 1401 cf.
893 1359 946 1394 111

237 1420 292 1461 37,
326 1419 356 1453 7.
391 1418 470 1461 239,
507 1419 559 1453 18.
594 1418 808 1454 concilium.
845 1417 967 1464 quod,

239 1476 380 1511 factum
411 1480 467 1511 est
499 1476 536 1510 in
569 1477 658 1511 urbe
688 1475 809 1510 Roma
840 1485 947 1519 prae-

239 1534 387 1569 sidente
416 1533 639 1577 Melchiade,
666 1533 849 1577 episcopo
875 1533 947 1568 Ro-

238 1601 362 1634 mano,
402 1596 439 1626 et
478 1591 680 1626 concilium
722 1591 947 1625 Arelatense

239 1653 440 1693 utrumque
470 1649 506 1684 in
534 1659 651 1684 causa
677 1649 887 1684 Caeciliani
913 1648 947 1682 II

240 1707 293 1750 87,
335 1707 480 1751 19—88,
519 1707 550 1741 2.
593 1706 668 1749 101,
709 1706 877 1749 16—102,
916 1706 947 1740 2.

241 1765 316 1807 156,
343 1765 444 1799 4—6.
473 1764 552 1807 327,
581 1765 726 1799 13-16.
752 1764 830 1803 408,
857 1764 947 1798 21-

239 1822 317 1863 409,
356 1822 387 1856 8.
425 1822 504 1861 421,
543 1822 666 1856 7—10.
703 1822 781 1865 601,
819 1821 947 1855 4--122

239 1879 284 1919 cl.
328 1879 383 1923 96,
426 1879 457 1913 2.
504 1879 719 1922 concilium,
761 1889 836 1923 quo
881 1889 947 1913 sex

239 1937 431 1980 episcopis
457 1947 611 1971 causam
638 1937 853 1981 presbyteri
877 1942 948 1971 ter-

240 1994 383 2029 minare
416 1999 600 2029 statutum
631 1999 686 2029 est
720 1994 754 2028 II
785 1995 863 2031 234.
896 1994 947 2029 14.

239 2053 269 2087 si
312 2052 413 2086 intra
456 2063 596 2086 annum
642 2062 797 2086 causam
841 2062 947 2085 suam

239 2120 353 2153 agere
398 2120 472 2144 non
517 2110 730 2154 neglexerit
774 2109 852 2152 233,
894 2108 948 2143 25.

240 2167 441 2202 concilium
512 2167 815 2211 Cartliaginense
883 2167 949 2201 270

240 2225 506 2268 episcoporum
548 2224 876 2260 schismaticorum
916 2223 949 2258 Il

240 2283 318 2325 486,
367 2283 422 2316 20.
471 2282 673 2317 concilium
725 2282 970 2326 Serdicense,

241 2340 413 2374 constitit
441 2340 689 2374 Arrianorum
718 2339 835 2374 fuisse
864 2350 950 2373 con-

242 2396 368 2431 cilium
408 2397 441 2430 11
482 2397 556 2439 114,
599 2397 654 2433 16:
693 2397 739 2437 cs.
780 2397 856 2439 113,
895 2396 948 2431 22.

242 2454 454 2489 concilium.
502 2465 575 2498 quo
623 2454 837 2489 institutum
884 2458 952 2490 est.

242 2520 338 2555 quae
372 2512 447 2546 sint
483 2512 696 2556 scripturae
731 2512 950 2555 canonicae,

244 2574 279 2603 et
324 2572 364 2603 ut
408 2569 536 2604 clerici
580 2570 844 2614 undecumque
886 2580 949 2604 ve—

243 2625 391 2661 nientes
425 2636 501 2661 non
537 2627 771 2670 recipiantur
806 2627 843 2661 in
875 2636 951 2661 mo-

243 2683 451 2718 nasterium
487 2683 521 2717 II
556 2684 634 2728 231,
668 2684 791 2718 5-1‘2,
827 2684 951 2718 conci-

242 2740 333 2775 lium
363 2740 651 2776 Donatistarum
683 2742 804 2785 partis
834 2741 951 2777 Maxi-

244 2798 370 2845 miani
389 2802 523 2834 contra
550 2798 783 2835 Primianum
812 2798 845 2833 II
872 2799 951 2842 615,

1028 264 1082 298 21.
1111 263 1163 297 111
1193 264 1271 307 239,
1299 264 1354 299 22.
1383 265 1586 300 concilium
1614 264 1738 300 Dona-

1028 321 1204 357 tistarum
1276 322 1531 367 Bagaitanum
1605 327 1739 357 contra

1029 383 1176 422 partem
1226 379 1448 415 Maximiani
1497 379 1532 414 ΙΙ
1580 380 1659 424 418,
1707 381 1739 414 4.

1029 437 1106 480 615,
1139 437 1194 472 23.
1226 437 1305 480 618,
1339 437 1368 471 1.
1401 437 1455 472 25.
1487 437 1565 481 625,
1598 438 1630 472 3.
1660 437 1739 480 627,

1032 495 1083 529 13.
1109 495 1187 538 628,
1216 495 1270 529 23.
1298 494 1351 528 III
1376 495 1454 538 240,
1481 495 1512 529 5.
1538 495 1589 528 IV
1615 495 1670 539 41,
1698 495 1738 529 14

1033 552 1262 596 (plenarium
1286 552 1546 587 concilium'll
1570 553 1646 596 145,
1668 553 1740 596 17).

1029 610 1245 654 concilium,
1279 620 1354 655 quo
1393 610 1645 645 constitutum
1682 613 1741 645 est

1030 667 1173 702 nullum
1221 667 1412 712 clericum,
1460 668 1524 712 qui
1572 668 1740 702 nondum

1030 725 1231 760 convictus
1269 725 1329 770 sit,
1365 726 1550 769 suspendi
1585 736 1606 760 a
1642 735 1741 760 com-

1030 782 1210 818 munione
1236 783 1387 826 debere,
1411 774 1484 818 nisi
1511 784 1559 818 ad
1586 793 1740 818 causam

1031 851 1137 875 suam
1159 841 1455 876 examinandam
1476 851 1515 876 se
1537 851 1613 875 non
1635 851 1742 885 prae-

1031 899 1243 934 sentaverit
1278 898 1312 933 ΙΙ
1345 899 1425 942 337,
1461 899 1492 933 6.
1526 898 1741 939 concilium,

1030 966 1105 1001 quo
1137 960 1323 992 statutum
1353 961 1423 1000 est,
1454 961 1506 1001 ut,
1536 956 1583 991 de
1613 956 1741 1001 aliquo

1031 1014 1264 1049 monasterio
1305 1014 1369 1059 qui
1410 1014 1640 1049 recesserint
1681 1013 1742 1049 vel

1031 1071 1193 1115 proiecti
1228 1071 1381 1116 fuerint,
1414 1082 1490 1107 non
1525 1071 1617 1108 fiant
1652 1071 1742 1106 alibi

1031 1129 1161 1164 clerici
1198 1134 1264 1165 aut
1302 1130 1515 1174 praepositi
1552 1134 1743 1164 monaste-

1032 1187 1174 1223 riorum
1213 1186 1249 1221 ΙΙ
1290 1186 1369 1231 231,
1412 1183 1478 1222 14.ν
1506 1188 1552 1228 cf.
1592 1187 1670 1231 222,
1711 1187 1742 1221 8.

1031 1245 1109 1289 231,
1133 1245 1178 1280 28
1205 1245 1258 1289 (in
1280 1244 1455 1289 plenario
1479 1245 1631 1280 Africae
1656 1255 1743 1279 con-

1032 1303 1149 1347 eilio).
1173 1303 1251 1347 233,
1273 1302 1554 1345 23.·concilium
1576 1303 1623 1338 de
1646 1307 1743 1337 trac-

1031 1360 1160 1396 tandis
1206 1359 1433 1403 Donatistis,
1479 1360 1579 1395 unde
1626 1360 1743 1404 legati

1032 1419 1081 1454 ad
1100 1418 1333 1457 comitatum
1359 1418 1465 1453 missi
1493 1422 1583 1452 sunt
1608 1418 1658 1451 IV
1689 1418 1743 1456 25.

1035 1476 1062 1510 1.
1093 1476 1266 1520 episcopi
1298 1476 1345 1511 de
1377 1475 1540 1510 concilio
1573 1474 1743 1510 Zertensi

1032 1534 1080 1569 ad
1111 1533 1336 1568 Donatistae
1366 1544 1425 1578 ep.
1456 1534 1532 1568 141.
1562 1533 1742 1568 iudicium

1034 1591 1197 1636 concilii,
1236 1591 1337 1636 quod
1377 1591 1424 1626 de
1464 1591 1547 1635 ipso
1586 1591 1743 1636 Pelagio

1034 1649 1072 1683 in
1100 1648 1322 1684 Palaestina
1349 1649 1492 1684 factum
1523 1653 1581 1684 est
1610 1648 1661 1682 IV
1689 1649 1744 1691 70,

1036 1707 1088 1741 16.
1114 1706 1159 1747 cf.
1188 1706 1241 1740 III
1266 1707 1344 1750 695,
1370 1707 1401 1741 9.
1428 1706 1631 1741 concilium
1656 1706 1745 1741 Car-

1033 1764 1261 1808 thaginense
1290 1769 1329 1799 et
1361 1764 1625 1799 Milevitanum
1658 1774 1745 1798 con-

1034 1826 1093 1856 tra
1119 1821 1348 1867 Pelagianos
1374 1832 1432 1867 ep.
1460 1822 1535 1856 175.
1564 1822 1639 1856 176.
1668 1821 1743 1856 181.

1036 1879 1112 1914 182.
1142 1879 1194 1913 III
1222 1879 1301 1923 669,
1330 1880 1362 1914 5.
1391 1879 1442 1913 IV
1469 1880 1547 1923 389,
1574 1880 1627 1914 13.
1657 1889 1744 1914 con-

1035 1937 1175 1980 cilium,
1228 1948 1273 1973 ex
1327 1947 1401 1982 quo
1453 1938 1501 1971 ad
1554 1937 1743 1971 Zosimum

1035 1994 1172 2030 missae
1205 1999 1292 2029 sunt
1321 1995 1473 2030 litterae
1502 1994 1552 2028 IV
1581 1995 1661 2038 389,
1692 1995 1744 2028 16.

1035 2052 1238 2087 concilium
1325 2052 1538 2096 plenarium
1625 2052 1744 2087 totius

1034 2109 1187 2145 Africae
1215 2114 1349 2144 contra
1377 2120 1543 2145 errorem
1572 2109 1745 2154 Pelagia-

1036 2177 1123 2202 num
1155 2167 1206 2201 IV
1232 2168 1311 2213 389,
1340 2167 1392 2202 18.
1419 2177 1453 2202 v.
1481 2172 1579 2202 acta.

988 2235 1006 2258 c
1022 2235 1043 2259 o
1060 2236 1083 2259 n
1099 2235 1116 2259 c
1132 2235 1153 2259 ο
1170 2225 1287 2259 rdia
1303 2236 1322 2260 e
1348 2229 1555 2269 praecepta
1581 2236 1657 2260 non
1680 2225 1746 2259 hu-

1034 2282 1156 2316 manis
1190 2282 1518 2326 disputationibus
1554 2282 1744 2327 exquisita

1036 2340 1101 2375 sed
1167 2340 1300 2374 divina
1362 2340 1593 2375 auctoritate
1658 2350 1745 2373 conr

1036 2397 1179 2441 script-a
1208 2397 1245 2432 in
1273 2397 1414 2432 Christi
1442 2397 1615 2433 ecclesiis
1641 2397 1745 2432 lecti-

1035 2459 1165 2489 tantur
1191 2454 1244 2488 111
1274 2455 1348 2498 136,
1375 2455 1523 2499 3—138,
1550 2455 1581 2489 9.
1647 2446 1650 2449 ’

989 2511 1399 2555 Concordialis,
1470 2523 1604 2547 servus
1671 2511 1745 2555 dei,

1035 2579 1093 2613 ep.
1132 2570 1198 2604 145
1233 2569 1376 2613 perfert
1413 2570 1461 2605 ad
1498 2569 1742 2604 Anastasium

1036 2626 1089 2661 III
1120 2627 1198 2671 266,
1231 2627 1282 2661 17.

988 2684 1319 2719 concubitus
1350 2694 1383 2719 v.
1414 2685 1622 2720 continere.

989 2741 1453 2785 concupiscentia
1494 2742 1620 2776 carnis
1656 2752 1745 2785 ope-

1036 2803 1141 2835 ratur
1164 2801 1202 2836 in
1227 2799 1336 2835 nobis
1356 2803 1482 2835 motus
1505 2809 1606 2844 suos,
1628 2798 1741 2836 etiam
