2078 3054
858 131 999 167 Index
1028 131 1071 167 V.
1661 118 1738 162 157

236 257 375 293 corpus
413 247 565 291 malum,
615 247 718 293 quod
757 246 806 281 ibi
843 247 946 280 esset

1031 244 1178 280 violata
1221 256 1289 281 nec
1332 246 1370 281 in
1414 255 1574 291 corpore
1619 247 1741 290 possit

235 311 423 351 exortum,
484 311 679 350 tamquam
729 315 752 339 a
800 303 966 348 vertice,
1031 303 1219 346 pudicitia
1252 304 1400 349 violari,
1433 304 1541 339 cuius
1574 305 1742 340 membra

236 363 450 399 effunderet.
482 363 517 397 II
547 363 602 407 90,
633 363 664 397 3.
697 372 773 397 non
804 360 947 396 medio-

236 422 310 456 cris
361 421 604 456 auctoritatis
656 420 821 455 habebat
868 417 947 462 epi-

237 489 395 524 scopum
436 478 471 513 11
512 479 568 523 90,
607 479 638 512 7.
676 478 774 513 dua-e
814 481 945 512 tantae

236 538 348 572 urbes
372 536 596 571 Latinarum
620 535 834 570 litterarum
857 533 947 569 arti·

237 594 338 639 fices,
374 594 496 628 Roma
531 598 645 638 atque
682 592 875 637 Carthago
912 590 947 625 II

236 652 316 698 674,
341 653 373 687 6.
399 652 438 686 in
463 656 573 686 tanta
598 651 798 686 doctorum
821 649 947 684 multi-

236 710 369 745 tudine
407 710 511 753 apud
549 708 822 754 Carthaginem
860 717 947 742 con—

237 767 395 803 stitutus
442 767 476 801 ΙΙ
520 767 600 811 675,
647 767 698 801 11.
754 764 947 810 Epiphani

236 825 330 860 liber
359 828 512 870 poterat
541 825 644 868 apud
674 824 947 868 Carthaginem

238 883 275 918 in
309 882 486 917 Latinam
520 882 690 927 linguam
724 882 824 916 verti
857 880 949 915 faci-

238 940 310 975 lius
333 945 448 985 atque
474 939 711 974 commodius
736 939 787 973 IV
811 939 889 982 448,
915 938 947 973 5.

236 998 421 1033 cathedra
469 997 653 1037 ecclesiae
703 995 949 1041 Carthaginis

238 1056 271 1089 II
302 1056 356 1100 91,
388 1055 440 1090 18.
473 1066 495 1090 a
523 1055 700 1090 ducentis
728 1059 766 1090 et
795 1058 948 1098 septua-

237 1114 347 1158 ginta
381 1113 575 1157 episcopis
610 1112 824 1147 Donatistis
861 1122 948 1147 con-

237 1172 365 1206 cilium
396 1171 621 1216 Carthagini
651 1171 883 1206 celebratum
914 1169 947 1204 lI

237 1230 316 1274 486,
344 1230 398 1264 20.
425 1229 592 1264 conlatio
619 1229 722 1272 apud
750 1228 948 1273 Carthagi-

240 1298 324 1322 nem
349 1287 481 1321 habita
505 1286 556 1320 IV
581 1287 612 1330 5,
643 1287 693 1320 17.
718 1286 773 1329 28,
798 1287 830 1320 6.
858 1295 947 1329 pars

239 1343 379 1379 Donati
404 1344 526 1388 primo
550 1344 653 1387 apud
676 1343 946 1389 Carthaginem

238 1412 328 1445 pars
361 1401 537 1437 Maiorini
570 1402 769 1436 dicebatur
803 1401 837 1434 ll
870 1402 947 1445 407,

241 1460 292 1494 12.
320 1460 358 1494 in
384 1459 515 1494 Africa
540 1459 704 1494 maxime
730 1460 833 1503 apud
860 1461 948 1493 Car-

238 1517 434 1562 thaginem
480 1527 556 1551 nou
599 1517 732 1552 deesse
776 1516 948 1561 Pelagia-

239 1585 308 1610 nos
344 1575 601 1610 arbitrabatur
637 1575 680 1609 A.
716 1574 770 1608 III
802 1575 880 1618 471,
915 1574 946 1608 5.

240 1633 280 1667 A.
325 1633 507 1667 continuo
553 1637 610 1667 est
653 1643 676 1667 a
715 1632 947 1677 Carthagine

239 1690 435 1734 profectus
458 1690 651 1725 occultato
675 1691 855 1725 abscessu
880 1699 947 1724 suo

239 1752 395 1791 propter
443 1748 620 1783 miseram
669 1747 772 1783 urbis
820 1747 948 1782 condi-

238 1806 386 1841 cionem
425 1806 479 1840 ΙΙΙ
514 1806 592 1850 384,
632 1806 683 1840 13.
723 1804 948 1850 Carthagini

238 1863 473 1898 exhiemavit
511 1863 694 1898 Paulinus
731 1863 764 1897 II
802 1864 880 1907 736,
917 1864 947 1897 7.

239 1921 371 1956 beluae
412 1921 581 1956 marinae
622 1925 751 1955 costae
791 1920 947 1955 Cartha-

238 1979 326 2022 gine
375 1979 411 2013 in
460 1979 611 2021 publico
660 1978 757 2013 fixae
805 1978 947 2021 populo

240 2040 352 2071 notae
384 2042 493 2071 erant
525 2037 558 2070 Il
588 2037 666 2081 571,
697 2038 727 2072 8.

192 2091 359 2129 Carus
384 2094 538 2139 quidam
567 2095 664 2130 inter
692 2095 947 2140 Augustinum

233 2156 268 2185 et
280 2151 423 2186 Celeris
438 2152 601 2187 amicum
617 2153 765 2187 medius
782 2153 815 2186 ΙΙ
831 2153 908 2196 216,
917 2153 948 2187 7.

192 2207 694 2252 t'asphalianensis
749 2210 949 2255 presbyter

242 2265 391 2301 Marcus
420 2266 453 2300 Il
483 2267 561 2311 597,
587 2268 618 2301 9.

193 2324 356 2366 ('aspi
384 2325 530 2367 oppida
557 2325 570 2358 Ι
599 2325 653 2368 93,
681 2325 736 2359 21.

192 2382 347 2415 t'assi
396 2381 606 2426 cacumina,
653 2382 787 2417 Cassia
835 2392 949 2425 rupes

242 2438 254 2471 I
285 2438 339 2481 91,
371 2439 516 2474 16—17.

193 2495 454 2530 castitas:
493 2497 615 2542 magis
652 2498 865 2542 timeamus,
903 2507 949 2532 ne

240 2564 355 2589 sensu
387 2554 568 2590 interiore
603 2561 783 2599 corrupto
817 2559 951 2598 pereat

240 2611 399 2646 castitas
429 2611 529 2656 fidei,
561 2623 673 2657 quam
707 2624 753 2648 ne
785 2613 949 2648 feminae

240 2668 429 2704 violenter
452 2675 749 2714 constuprentur
774 2671 812 2706 in
834 2681 948 2706 carne

242 2725 293 2759 lV
313 2727 392 2770 490,
413 2727 445 2762 3.
467 2731 613 2762 tantum
636 2728 741 2763 valet
762 2729 799 2763 in
821 2731 948 2764 mente

238 2782 442 2826 'integritas
478 2785 680 2829 castita-tis,
717 2790 758 2820 ut
794 2786 858 2821 illa
894 2786 948 2820 in-

1033 361 1230 404 potuerint
1272 362 1447 405 superari
1488 361 1525 396 11
1565 363 1643 406 656,
1688 362 1740 396 11.

984 417 1243 453 Castoriu
1259 430 1311 463 m,
1338 424 1380 454 ut
1408 421 1447 455 in
1474 419 1740 463 episcopatum

1032 476 1257 520 Bagaiensis
1284 477 1469 512 ecclesiae
1498 476 1742 521 MaximianO,

1031 533 1141 569 fratri
1179 545 1259 579 suo,
1295 535 1530 579 succederet,
1568 535 1742 570 obsecra-

1031 592 1125 627 bant
1153 592 1317 637 Alypius
1345 597 1383 627 et
1410 593 1452 627 Α.
1482 602 1540 636 ep.
1569 593 1624 627 69.

985 648 1222 684 Casulan
1238 661 1260 684 u
1276 660 1293 684 s
1319 651 1520 695 presbyter
1544 651 1641 685 duas
1665 650 1742 693 epi—

1033 707 1153 742 stulas
1182 708 1231 742 ad
1262 708 1305 742 A.
1335 708 1492 743 miserat
1519 708 1566 743 de
1594 708 1743 743 sabbati

1033 765 1174 809 ieiunio
1203 766 1422 810 consulens,
1452 766 1589 811 quibus
1618 766 1660 800 Α.
1688 777 1742 800 re-

1033 823 1190 866 spondit
1219 833 1278 866 ep.
1305 824 1360 858 36.

984 879 1011 914 C
1027 890 1050 914 a
1064 885 1079 914 t
1093 890 1116 914 a
1130 889 1153 923 p
1170 880 1191 913 h
1208 891 1224 914 r
1239 892 1262 925 y
1278 891 1303 925 g
1317 891 1338 915 a
1353 891 1372 916 e
1394 882 1455 916 vel
1476 881 1742 926 Cataphryges

1034 938 1217 974 haeretici
1242 938 1277 972 II
1301 939 1379 983 676,
1404 939 1449 973 25
1472 940 1651 974 dicebant
1676 949 1742 983 per

1034 996 1256 1032 Montanum
1299 1002 1336 1032 et
1381 997 1605 1041 Priscillam,
1647 1007 1742 1042 quos

1033 1054 1211 1098 proprios
1253 1065 1341 1089 suos
1381 1055 1591 1099 prophetas
1632 1055 1743 1090 hahe-

1032 1112 1135 1157 bant,
1166 1113 1318 1148 venisse
1349 1113 1524 1156 spiritum
1557 1117 1743 1158 sanctum,

1034 1181 1143 1215 quem
1168 1171 1346 1205 dominus
1368 1171 1571 1205 missurum
1596 1182 1635 1205 se
1660 1181 1742 1206 essc

1034 1229 1210 1270 promisit
1238 1228 1289 1262 IV
1318 1229 1395 1273 527,
1424 1231 1454 1263 9.

985 1285 1357 1330 Cataquensis
1391 1286 1596 1329 episcopus
1635 1286 1744 1320 Boni-

1034 1344 1150 1378 fatius
1180 1343 1215 1377 Il
1245 1344 1321 1387 518,
1354 1344 1406 1378 15.

986 1388 1277 1436 catholici:
1325 1402 1570 1437 tolerantiam
1616 1403 1746 1447 pacifi-

1032 1469 1114 1493 cam
1151 1459 1369 1494 didicerunt
1405 1461 1583 1495 catholici
1621 1472 1743 1506 neque

1034 1527 1124 1551 vero
1165 1517 1400 1552 schismatici
1439 1518 1473 1552 II
1513 1519 1588 1563 119,
1627 1519 1658 1553 2.
1696 1519 1743 1554 de

1033 1575 1326 1610 mansuetudine
1397 1576 1587 1611 catholica
1658 1587 1749 1621 erga.

1034 1630 1260 1667 Donatistas
1302 1633 1336 1667 II
1374 1634 1453 1678 413,
1493 1634 1548 1668 20.
1589 1645 1665 1679 qua
1705 1645 1743 1669 re

1033 1689 1212 1724 catholici
1237 1690 1461 1726 Donatistas
1485 1692 1744 1737 quaerebant?

1034 1746 1067 1780 II
1099 1747 1178 1791 488,
1210 1748 1241 1782 3.
1275 1748 1327 1783 IV
1357 1749 1412 1793 37,
1445 1749 1497 1783 10.
1530 1759 1744 1785 sacramen-

1033 1809 1111 1840 tum
1146 1805 1208 1841 dei
1241 1811 1457 1850 agnoscunt
1492 1808 1670 1842 catholici
1706 1808 1743 1842 in

1033 1862 1236 1899 haereticis
1267 1868 1305 1900 et
1336 1870 1570 1900 venerantur
1600 1870 1637 1901 et
1667 1877 1744 1900 am-

1034 1920 1254 1963 plectuntur
1282 1922 1316 1955 II
1342 1923 1420 1966 223,
1452 1923 1503 1957 10.
1532 1923 1586 1957 21.
1615 1924 1743 1958 catho-

1034 1978 1096 2012 lici
1139 1979 1178 2013 in
1218 1979 1432 2024 haereticis,
1475 1981 1540 2025 qui
1583 1981 1743 2016 transie-

1033 2040 1131 2077 rant,
1169 2047 1245 2072 non
1281 2038 1492 2082 mutabant,
1531 2039 1569 2073 in
1605 2039 1742 2083 quibus

1034 2103 1118 2128 cum
1144 2094 1237 2137 ipsis
1262 2099 1382 2139 erant,
1408 2095 1445 2130 id
1469 2100 1529 2130 est
1555 2096 1593 2129 in
1618 2106 1743 2130 sacra-

1033 2152 1182 2196 mentis,
1223 2153 1290 2187 sed
1329 2163 1376 2187 ea
1413 2153 1668 2197 corrigebant,
1706 2153 1742 2187 in

1033 2209 1170 2253 quibus
1205 2219 1290 2245 cum
1326 2210 1420 2254 ipsis
1456 2221 1532 2246 non
1565 2216 1674 2246 erant
1709 2211 1743 2245 II

1032 2267 1111 2311 488,
1145 2267 1199 2302 20.
1236 2268 1474 2311 rebaptizare
1509 2269 1742 2304 haereticum

1034 2324 1236 2370 hominem,
1280 2326 1343 2370 qui
1387 2326 1481 2361 haec
1525 2326 1744 2361 sanctitatis

1035 2381 1145 2426 signa
1197 2384 1424 2427 perceperit,
1489 2395 1586 2429 quae
1639 2384 1744 2419 Chri-

1036 2439 1160 2474 stiana
1206 2440 1364 2475 tradidit
1409 2441 1622 2486 disciplina,
1670 2452 1746 2476 om-

1034 2497 1124 2532 nino
1161 2503 1361 2541 peccatum
1396 2504 1468 2543 est;
1504 2500 1743 2544 rebaptizare

1037 2558 1163 2590 autem
1179 2556 1409 2591 catholicum
1425 2556 1740 2592 immanissimum

1034 2613 1159 2648 scelus
1203 2617 1264 2649 est
1308 2614 1323 2648 l
1368 2614 1423 2659 65,
1470 2614 1523 2649 16.
1568 2614 1742 2659 ecclesia,

1033 2682 1130 2716 quae
1162 2671 1267 2707 dicta
1298 2676 1356 2707 est
1390 2672 1502 2707 unica
1535 2683 1614 2717 sua,
1648 2673 1742 2708 haec

1033 2733 1092 2764 est
1130 2729 1242 2764 unica
1282 2729 1481 2774 catholica,
1521 2741 1618 2775 quae
1659 2734 1740 2765 toto

1032 2787 1123 2820 orbo
1165 2787 1321 2829 copiose
1362 2787 1601 2823 diffunditur.
1643 2798 1741 2832 quae
