2078 3054
337 120 491 154 LXVIII
978 119 1219 153 l'rnet'ntio.

333 237 512 291 epistula
545 237 776 278 obtinebat.
811 250 930 278 erasa
962 236 1136 288 antiqua
1170 237 1375 291 scriptura
1408 235 1517 278 idem
1552 250 1657 291 opus
1689 251 1740 278 ex
1775 238 1857 279 alio

333 300 562 355 exemplari
603 300 769 341 sacculo
809 300 891 340 XII
930 300 1177 353 rescriptum
1218 306 1293 351 est,
1334 304 1472 341 cetera
1511 299 1610 341 solia
1648 300 1855 356 (bl—12)

331 372 577 405 manserunt
601 363 777 417 integra.
814 363 992 417 epistula
1016 363 1142 415 igitur
1165 363 1229 404 bis
1252 363 1406 417 scripta
1432 367 1505 414 est,
1531 377 1703 416 quarum
1727 364 1855 419 scrip-

331 433 518 469 turarum
542 427 744 481 posterior
767 440 858 467 eam
883 432 1002 467 tanta
1023 426 1193 467 lieentia
1212 432 1478 468 retractatam
1497 425 1857 481 depravatamque

331 491 472 543 habet,
506 499 549 532 ut
588 504 637 531 ea
675 489 953 544 supersedere
991 489 1266 542 decreverim,
1310 490 1460 544 prioris
1497 503 1607 543 quae
1645 504 1857 546 perpauca

331 554 455 596 etiam
496 567 608 596 nunc
641 554 752 595 cerni
792 559 979 608 possunt,
1019 566 1144 606 quam
1183 552 1508 608 diligentissime
1547 553 1698 609 collegi
1736 561 1777 597 et
1814 556 1855 597 111

331 633 368 673 p.
394 619 478 659 632
511 617 743 672 exposui.¹)

388 745 654 800 Augustinus
676 758 769 786 cum
793 745 920 787 libros
954 744 1019 786 ‘de
1041 746 1239 786 trinitate‘
1269 744 1324 786 ad
1347 745 1579 797 Aurelium,
1612 745 1854 801 episcopum

330 808 724 863 Carthaginensem,
758 809 955 861 mitteret,
990 822 1074 850 una
1105 808 1158 850 ad
1192 802 1287 849 eum
1321 808 1437 850 (ledit
1470 808 1738 863 epistulam
1767 810 1854 849 174

328 878 490 927 petens,
525 876 568 913 ul
598 873 705 914 hanc
733 871 956 924 epistulam
984 887 1164 914 seorsum
1195 872 1357 925 quidem
1387 873 1459 914 sed
1486 876 1623 914 tantem
1653 873 1709 913 (((ἰ
1730 877 1856 926 caput

328 936 547 977 eorundem
571 936 766 977 librorum
791 936 953 977 iuberet
977 937 1184 989 anteponi.
1218 942 1346 989 atque
1370 936 1427 977 ita
1450 936 1605 977 factum
1630 942 1694 977 est
1715 949 1854 989 neque

325 999 447 1041 aliter
478 999 660 1054 epistula
692 999 899 1054 reperitur
931 999 1010 1041 nisi
1044 1000 1269 1041 coniuncta
1290 1013 1384 1041 cum
1409 999 1489 1041 illis
1511 999 1640 1041 libris.
1675 1013 1850 1053 quorum

326 1062 492 1105 codices
523 1063 691 1118 inspexi
725 1076 891 1114 novem,
924 1062 1200 1105 Bodleianum
1235 1062 1366 1105 Laud.
1391 1063 1506 1105 misc.
1544 1063 1620 1103 126
1653 1077 1760 1105 saec.
1792 1063 1853 1104 IX

327 1126 380 1167 in.
416 1132 457 1168 et
488 1131 573 1169 tres
603 1127 708 1168 alios
740 1126 929 1168 eiusdem
970 1127 1126 1169 saeculi
1157 1120 1237 1168 IX?
1272 1126 1509 1168 Palatinum
1550 1127 1647 1178 202,
1685 1126 1866 1168 Laudu--

327 1184 631 1243 nensemssmO,
665 1190 924 1232 Marcianum
960 1184 1060 1235 63οΞ
1100 1190 1256 1232 deinde
1288 1195 1372 1232 tres
1404 1190 1561 1232 saeculi
1584 1190 1642 1231 X:
1677 1190 1851 1232 Marcia-

326 1267 425 1295 num
459 1254 556 1306 632,
600 1253 884 1308 Eporedinum
921 1254 985 1306 77,
1030 1254 1340 1296 Vercellensem
1373 1254 1466 1306 104,
1499 1253 1552 1293 47
1587 1255 1717 1308 (recte
1746 1254 1853 1306 CIV,

325 1318 418 1372 47),
462 1317 646 1371 denique
689 1317 940 1359 Vaticanum
990 1318 1102 1360 5755
1150 1331 1259 1359 saec.
1301 1318 1361 1359 XI
1411 1323 1452 1358 ct
1498 1317 1750 1359 Trecensem
1799 1317 1853 1357 69

325 1394 433 1423 saec.
459 1381 589 1434 XII.²)
622 1381 938 1436 integerrimam
961 1387 1102 1423 autem
1127 1381 1255 1423 habet
1287 1381 1508 1436 epistulam
1539 1380 1673 1423 codex
1698 1381 1854 1435 Epore-

324 1445 462 1496 dinus,
496 1444 650 1487 deinde
688 1444 888 1487 laudandi
927 1451 1024 1487 sunt
1057 1445 1287 1496 Palatinus,
1327 1458 1584 1498 quamquam
1615 1458 1644 1485 va
1686 1444 1854 1487 librario

325 1508 464 1551 minus
500 1513 661 1550 attento
699 1509 879 1563 scriptus
917 1509 1094 1550 multum
1134 1509 1435 1563 corrigebatur,
1472 1513 1515 1551 ct
1555 1508 1852 1551 Laudunensis

325 1577 365 1613 ct
390 1572 685 1627 Vei-cellensis,
715 1572 902 1614 omnium
926 1586 1024 1614 vero
1048 1572 1406 1627 corruptissimam
1430 1572 1605 1627 praebet
1626 1572 1851 1627 epistulam

326 1636 568 1678 Vaticanus.

381 1763 614 1818 Epistula
656 1763 753 1806 200
794 1764 875 1806 nisi
918 1764 1160 1819 praeposita
1201 1764 1318 1806 libris
1362 1763 1427 1805 ‘de
1470 1763 1629 1818 nuptiis
1672 1769 1714 1806 et
1755 1777 1850 1806 con-

323 1828 597 1882 cupiscentia‘
627 1829 668 1869 in
699 1827 916 1870 codicibus
944 1842 1027 1870 non
1056 1828 1280 1869 invenitur.
1316 1827 1383 1881 (1111
1414 1827 1507 1868 libri
1531 1840 1626 1869 cum
1650 1828 1690 1869 in
1715 1828 1851 1871 CSEL

322 1891 402 1933 vol.
437 1891 556 1933 XLII
598 1905 637 1946 p.
674 1892 902 1933 207—320
944 1892 1190 1933 curantibus
1222 1891 1315 1933 Car.
1355 1891 1466 1932 Vrba
1507 1896 1547 1932 et
1591 1892 1672 1933 Ios.
1706 1890 1851 1945 Zyclia

322 1954 423 1996 editi
462 1955 558 2008 sint,
597 1956 751 2008 quibus
790 1955 1006 1997 codicibus
1044 1956 1100 1996 illi
1145 1955 1206 1996 usi
1246 1960 1347 1996 sunt
1389 1960 1428 1995 et
1470 1954 1609 1997 varias
1650 1955 1852 1999 lectiones

322 2018 595 2073 collegerunt,
628 2033 699 2062 eos
732 2026 772 2061 et
805 2020 895 2074 ipse
933 2019 987 2061 ad
1018 2019 1339 2061 'emendandam
1378 2018 1602 2073 epistulam
1641 2018 1740 2061 inde
1776 2018 1850 2060 ad-

321 2082 493 2137 sumpsi.
532 2082 699 2125 codices
728 2089 870 2125 autem
905 2088 1020 2125 sunt:
1061 2082 1326 2125 Coloniensis
1360 2083 1412 2123 76
1444 2095 1554 2124 saec.
1585 2082 1701 2134 VIII,
1735 2082 1849 2123 Pari·

319 2145 438 2187 sinus
474 2147 612 2187 12212
644 2160 752 2188 saec.
777 2147 852 2199 IX,
893 2146 1145 2201 Reginensis
1178 2146 1261 2186 316
1294 2159 1403 2188 saec.
1427 2146 1483 2197 X,
1523 2146 1851 2200 Bambergensis

321 2210 418 2250 Bm
454 2209 504 2250 16
545 2210 680 2263 (120),
718 2223 831 2252 nunc
865 2211 1032 2252 Patrist.
1067 2212 1121 2251 29
1162 2223 1272 2252 saec.
1305 2210 1358 2261 X,
1403 2209 1670 2251 Monacensis
1714 2209 1844 2261 14491

319 2286 428 2315 saec.
453 2273 528 2318 XI.
560 2273 777 2316 Parisinus
806 2274 942 2315 16860
964 2287 1074 2316 saec.
1094 2274 1170 2327 XI,
1204 2273 1464 2315 Erfurtensis
1486 2272 1520 2314 Ο
1545 2273 1598 2313 26
1620 2286 1730 2315 saec.
1750 2273 1848 2325 XII,

319 2336 374 2377 de
405 2337 560 2389 quibus
593 2350 701 2390 quae
734 2338 974 2392 cognitione
1006 2337 1138 2392 digna
1171 2342 1284 2389 sunt,
1322 2337 1382 2378 illi
1420 2337 1460 2377 in
1501 2336 1698 2378 editionis
1730 2350 1849 2391 prae-

320 2400 481 2442 fatione
513 2415 552 2455 p.
576 2401 934 2443 XXI—XXVIII
957 2400 1261 2443 disseruerunt.
1296 2406 1514 2456 praeterea
1536 2400 1640 2442 alios
1663 2400 1849 2453 quinque

320 2462 487 2506 codices
519 2464 610 2519 ipse
648 2464 899 2518 conquisivi,
939 2464 1188 2506 Vaticanum
1223 2465 1307 2505 512
1345 2476 1454 2506 saec.
1478 2463 1532 2515 X,
1571 2463 1848 2505 Bodleianum

378 2585 404 2626 ¹)
431 2583 485 2617 (Ὺ.
522 2584 780 2629 Forschungon
814 2596 876 2618 zur
908 2584 1126 2618 (hus-cliiclit-¹
1161 2585 1224 2619 ‹Ics
1257 2583 1651 2619 nontcstamentliclwn
1685 2585 1844 2619 Kanons.

319 2646 404 2679 pars
423 2635 472 2669 IV
493 2638 623 2678 (1891).
653 2636 715 2670 11111
742 2636 825 2670 .1(111,
848 2637 1076 2671 lIausslcitcr
1094 2637 1138 2670 «le
1158 2636 1214 2670 liis
1233 2636 1424 2686 codicibus
1443 2636 1624 2670 uberrime
1643 2636 1845 2680 disputavit

318 2690 368 2731 (p.
392 2689 545 2732 39—57)
577 2692 610 2722 et
646 2689 838 2732 epistulam
874 2689 985 2733 ipsam
1019 2689 1142 2723 critica
1178 2689 1318 2723 ratione
1350 2688 1521 2722 tractavit
1563 2688 1609 2731 (p.
1636 2690 1844 2731 eoo-203).

375 2740 402 2782 ²)
430 2739 498 2774 Hic
531 2740 645 2775 codex
678 2741 841 2775 continet
874 2740 982 2774 ctiam
1015 2740 1143 2774 librum
1184 2741 1229 2775 de
1268 2739 1604 2784 praedestina-tione
1637 2743 1843 2779 sanctorum

317 2803 398 2827 cum
425 2792 591 2835 epistulis
618 2794 684 2827 ‘2⁸25
713 2798 745 2824 1-1
774 2795 857 2828 226;
885 2791 929 2826 cf.
952 2803 984 2835 p.
1009 2792 1148 2826 LXXII
1170 2792 1374 2826 --LXXIIL
