2078 3054
289 155 342 196 56
927 164 1068 199 Index
1095 162 1171 197 1-11.

289 283 347 317 sui
382 281 644 327 praepositam
680 280 906 316 ancillarum
941 279 1003 315 dei
1036 279 1183 315 vixisse
1221 280 1396 325 narrat,¹)
1437 279 1539 315 illius
1573 280 1810 324 monasterii,

289 352 386 386 quae
409 345 500 376 tunc
525 344 619 384 erat,
640 339 903 384 praepositam
926 338 1074 383 aliquot
1095 347 1219 373 annos
1241 339 1501 382 praecessisse
1524 338 1808 384 significatur.²)

288 409 518 444 quamquam
548 408 645 443 cum,
670 407 795 442 'neque
825 407 902 442 qua
929 400 1056 432 aetate
1087 396 1204 431 fuerit
1233 406 1358 441 neque
1386 397 1540 441 q—iando
1568 401 1721 432 mortua
1749 397 1810 441 sit,

288 460 526 501 compertum
556 456 776 500 habeamus,
807 455 909 490 haud
939 454 1100 490 multum
1130 454 1219 490 inde
1249 454 1289 489 in
1318 464 1409 489 cons
1451 455 1590 490 suendo
1621 454 1810 499 epistulae

288 522 459 558 tempore
492 512 757 558 proficimus.³)
807 539 811 543 ,

428 571 607 616 Epistula
649 571 718 607 212
763 570 947 615 episcopo
993 569 1231 612 Quintiliano
1279 570 1412 616 Augus
1439 581 1521 606 snus
1567 571 1812 606 commendat

287 630 435 665 Gallam
466 630 625 666 viduam
655 629 814 675 eiusque
845 628 961 664 filiam
993 628 1282 674 Simpliciolam,
1313 639 1408 674 quae
1445 629 1651 673 portabant
1681 638 1810 664 secum

285 688 468 733 reliquias
498 687 682 733 martyris
714 687 916 732 Steph'ani3
948 697 1048 733 quas,
1077 686 1273 732 reliquias,
1304 686 1370 731 ait,
1402 697 1487 722 fam
1519 696 1597 722 non
1631 687 1810 732 ignorare

287 757 400 792 quam
431 745 708 782 convenienter
735 745 925 781 honorare
953 746 1149 790 deberent,
1177 745 1276 780 sicut
1304 748 1343 780 et
1371 745 1445 789 irai.
1472 744 1667 780 fecissent.
1708 745 1812 790 quod

287 805 441 850 quando
464 803 645 849 Hippone
668 804 813 839 factum
841 803 901 847 sit,
923 803 1086 849 legimus
1109 803 1148 838 in
1172 807 1346 839 extremo
1372 803 1418 839 de
1444 802 1603 838 civitate
1628 803 1691 838 dei
1713 803 1810 838 libro

287 873 317 898 cv
345 864 380 898 8:
408 863 589 898 Nondum
617 865 677 898 est
703 865 833 898 autem
862 862 1056 897 biennium
1084 872 1133 897 esc
1161 872 1236 908 quo
1266 861 1372 907 apud
1400 861 1619 907 Hipponem
1648 862 1811 907 Remum

287 922 416 965 coepit
440 932 526 956 esse
551 922 627 956 ista
652 919 880 965 memoria‚⁴)
909 920 948 955 id
975 924 1034 955 est
1062 919 1246 966 martyris
1272 919 1471 964 Stephani.
1510 920 1576 965 qui
1601 919 1697 955 liber
1725 929 1810 954 cum

287 979 486 1014 confectus
526 979 577 1014 sit
614 989 648 1014 a.
690 978 768 1023 426,
809 978 992 1024 sequitur,
1031 982 1073 1014 ut
1112 977 1282 1023 epistula
1322 978 1469 1022 scripta
1505 977 1686 1013 videatur
1726 987 1810 1013 esse

286 1047 386 1071 anno
415 1037 611 1072 424—425.

425 1093 535 1138 Quod
569 1105 728 1131 numero
760 1095 828 1131 213
862 1095 1056 1140 signatum
1092 1098 1163 1140 est,
1197 1104 1276 1130 non
1307 1094 1460 1130 litterae
1497 1098 1586 1129 sunt
1621 1094 1688 1130 sed
1720 1097 1812 1139 ,acta

287 1153 553 1189 ecclesiastica
583 1154 623 1190 in
655 1153 897 1199 designando
932 1153 1140 1199 Augustini
1173 1163 1395 1189 successore
1427 1152 1480 1187 VI
1516 1152 1603 1189 Kal.
1637 1151 1813 1188 Octobris

285 1211 503 1247 Theodosio
546 1211 619 1247 XII
659 1216 697 1247 et
737 1211 1014 1247 Valentiniano
1055 1211 1233 1258 Augusto
1277 1211 1415 1247 iterum
1458 1211 1628 1256 consule,
1670 1210 1709 1246 id
1753 1215 1812 1246 est

287 1279 388 1305 anno
416 1270 485 1305 426
513 1269 702 1305 confecta.

428 1327 626 1373 Epistulae
648 1327 729 1362 214.
751 1327 832 1363 215.
854 1320 934 1363 216.

426 1386 483 1421 Ex
510 1386 747 1422 monasterio
774 1384 1055 1421 Hadrumetino
1082 1386 1159 1422 duo
1190 1380 1341 1430 fratres,
1367 1384 1598 1421 Cresconius
1625 1389 1664 1421 et
1690 1385 1811 1429 Felix,

286 1444 335 1479 ad
363 1444 623 1490 Augustinum
650 1449 853 1489 venerunt,
881 1445 946 1489 qui
976 1444 1011 1479 ei
1038 1444 1271 1480 rettulerunt·
1299 1444 1575 1479 monasterium
1605 1454 1715 1479 suum
1744 1443 1813 1479 Pe-

285 1502 443 1547 lagiana
466 1502 709 1538 dissensione
736 1513 821 1538 esse
847 1502 1085 1547 turbatum.⁵)
1124 1513 1201 1548 qua
1224 1513 1264 1537 re
1290 1502 1532 1547 Augustinus
1559 1502 1610 1537 ad
1634 1503 1832 1538 abbatem-

285 1560 534 1597 Valentinum
558 1564 597 1596 et
620 1560 772 1596 fratres.
797 1560 861 1606 qui
887 1571 972 1596 cum
998 1570 1043 1595 eo
1069 1563 1190 1605 erant,
1214 1559 1418 1605 epistulam
1443 1560 1512 1595 214
1537 1560 1702 1605 scripsit,
1727 1559 1811 1594 aliis

286 1622 415 1654 autem
437 1618 619 1654 fratribus
643 1619 910 1665 perferendam
933 1618 1103 1663 tradidit,
1124 1618 1189 1664 qui
1213 1628 1259 1653 ex
1282 1618 1415 1653 eadem
1438 1619 1740 1664 congregatione
1762 1618 1811 1653 ad

285 1688 371 1712 eum
411 1681 601 1712 venerant
641 1681 756 1723 atque
798 1677 1047 1722 festinabant,
1089 1681 1134 1712 ut
1174 1677 1274 1712 inter
1316 1687 1406 1712 suos
1447 1681 1608 1722 agerent
1649 1677 1808 1722 pascha3

285 1735 516 1771 Cresconius
555 1735 655 1771 enim
697 1739 736 1771 et
775 1735 883 1780 Felix
926 1736 1030 1779 apud
1071 1735 1331 1781 Augustinum
1372 1740 1641 1771 remanserunt
1682 1735 1809 1780 ibique

285 1793 430 1838 pascha
468 1792 672 1839 egerunt.⁰)
711 1803 797 1828 cum
835 1784 973 1828 deinde
1013 1796 1051 1828 et
1089 1793 1161 1838 ipsi
1199 1793 1476 1829 Hadrumetum
1515 1796 1811 1833 reverterentur,

285 1851 527 1897 Augustinus
569 1851 624 1887 eis
663 1851 824 1887 alteram
865 1851 1070 1896 epistulam
1110 1851 1159 1887 ad
1199 1853 1355 1887 eosdem
1394 1852 1513 1893 dedit,
1553 1851 1592 1887 id
1634 1856 1692 1888 est
1732 1852 1810 1896 epi-

286 1909 425 1945 stulam
447 1910 527 1944 215.
561 1914 600 1945 et
621 1910 733 1945 simul
755 1920 839 1944 cum
862 1910 933 1944 hac
954 1910 1123 1953 epistula
1144 1910 1193 1945 ad
1217 1910 1466 1945 Valentinum
1491 1910 1628 1945 librum
1654 1910 1810 1954 scripsit

286 1967 333 2002 de
371 1967 497 2011 gratia
535 1971 573 2002 et
610 1967 738 2003 libero'
768 1967 969 2011 arbitrio.⁷)
1019 1967 1084 2012 qui
1122 1966 1218 2002 liber
1256 1978 1340 2002 cum
1381 1968 1418 2002 in
1456 1966 1810 2002 Retractationibus

286 2025 496 2069 proximus.
513 2025 562 2060 sit
586 2036 609 2060 a
633 2029 829 2070 postremo
855 2025 995 2061 ibidem
1020 2029 1230 2061 retractato
1256 2029 1294 2061 et
1319 2030 1537 2070 postremus
1563 2026 1612 2061 sit
1638 2026 1734 2061 liber
1761 2026 1808 2061 de

427 2152 454 2196 ¹)
485 2151 577 2187 Vita
600 2151 636 2188 S.
660 2152 757 2198 Aug.
782 2163 812 2188 c.
837 2152 881 2187 26
908 2152 1050 2198 (Migne
1075 2152 1214 2197 patrol.
1239 2153 1303 2188 lat.
1331 2152 1474 2188 XXXII
1499 2164 1535 2198 p.
1557 2153 1615 2198 55,
1641 2153 1808 2197 ‘27-29).

425 2209 455 2254 2)
484 2219 519 2253 p.
547 2210 628 2255 358,
658 2210 712 2246 19.

426 2267 456 2312 ³)
486 2268 651 2303 Maurini
675 2268 881 2313 epistulam
906 2269 971 2303 211
997 2279 1075 2304 non
1099 2269 1220 2305 multo
1245 2273 1334 2305 ante
1360 2280 1393 2304 a..
1419 2269 1487 2304 424
1512 2269 1697 2314 scriptam
1724 2279 1808 2305 esse

287 2329 530 2370 censuerunt,
567 2326 708 2371 quippe
746 2327 810 2372 qui
847 2337 881 2371 p.
917 2327 997 2371 358,
1035 2327 1078 2362 13
1116 2327 1213 2362 ‘cum
1251 2327 1297 2362 de
1334 2327 1548 2362 Donatistis
1587 2327 1625 2362 in
1661 2326 1809 2362 unitate

285 2383 534 2428 gaudeamus‘
573 2384 785 2420 scriber’ent
820 2395 867 2420 ex
904 2385 1091 2430 ipsorum,-
1122 2390 1164 2420 ut
1199 2385 1366 2429 videtur,
1401 2385 1637 2429 coniectura3
1675 2395 1808 2421 omnes

286 2441 386 2476 enim
418 2441 505 2477 libri
536 2451 655 2478 manu
686 2442 822 2486 scripti
853 2447 892 2478 et
924 2443 1075 2479 ceterae
1108 2443 1299 2479 editiones
1332 2443 1487 2479 habent:
1522 2444 1617 2479 Cum
1653 2444 1702 2479 de
1735 2444 1809 2479 deo

286 2501 388 2536 natis
415 2500 454 2535 in
481 2501 631 2535 unitate
658 2500 908 2545 qaudeamus.
948 2501 1007 2536 ‘de
1035 2502 1108 2536 deo
1137 2502 1250 2537 natis‘
1278 2506 1406 2537 autem
1438 2512 1486 2536 ex
1516 2496 1699 2536 Iohannis
1730 2501 1810 2546 epi-

287 2558 389 2593 stula
425 2557 461 2592 11
497 2559 530 2603 5,
568 2558 673 2602 1—23
713 2558 771 2603 183
807 2559 841 2603 3,
878 2559 900 2594 9
938 2563 1132 2603 sumptum
1171 2563 1241 2604 est,
1282 2559 1384 2605 quod
1425 2559 1621 2595 Maurinos
1662 2559 1808 2605 fugisse

287 2615 452 2651 videtur.

426 2673 456 2718 ⁴)
485 2670 608 2710 CS‘EL
638 2673 704 2708 XL
734 2684 824 2718 pars
855 2674 890 2709 II
922 2685 957 2719 p.
987 2674 1067 2720 608,
1098 2675 1201 2710 5—6.

429 2731 458 2776 ⁶)
485 2743 520 2777 p.
541 2733 622 2777 380,
644 2732 751 2776 5-73
774 2732 872 2777 Aug.
895 2732 1066 2768 Retract.
1089 2729 1221 2768 11‘66.

427 2789 455 2832 θ)
487 2799 522 2833 p.
550 2790 631 2834 384,
662 2789 813 2834 12—173
842 2791 923 2835 389,
952 2791 988 2835 63
1018 2791 1098 2835 387,
1129 2790 1301 2836 16-388,
1330 2791 1361 2826 2.

428 2846 457 2891 ⁷)
487 2856 523 2891 p.
551 2847 629 2892 389,
657 2847 693 2892 73
720 2847 800 2892 390,
828 2848 929 2883 1-2.
