2078 3054
280 137 336 178 42
909 147 1051 183 Index
1078 147 1153 182 111.

280 264 538 310 Hieronymus
573 265 611 299 in
641 264 796 308 dialogo
829 268 964 299 contra
993 263 1237 309 Pelagianos,
1269 265 1334 309 qui
1365 265 1435 300 sub
1466 265 1578 300 tinem
1611 267 1702 301 anni
1733 268 1800 302 415

281 323 444 358 emissus
485 327 554 367 est,
597 322 854 367 Augustinum
894 322 1011 358 libros
1049 322 1097 358 de
1136 322 1329 366 baptismo
1370 323 1619 366 parvulorum
1659 335 1692 359 a.
1732 325 1800 359 412

281 385 462 415 exaratos
499 380 689 414 dudum
730 379 931 424 scripsisse
969 379 1074 424 dicit,
1113 380 1319 424 epistulam
1357 384 1486 416 autem
1524 381 1574 416 ad
1612 381 1799 417 Hilarium

281 438 493 481 nuper.¹)
535 437 700 482 denique
731 437 769 472 in
799 438 949 482 synodo
978 436 1250 481 Diospolitana
1277 448 1408 474 mense
1437 438 1639 474 Decembri
1669 450 1702 474 a.
1734 440 1801 475 415

281 495 413 530 habita
434 495 571 530 librum
594 496 645 530 ad
667 494 866 540 Hilarium,
889 496 927 531 id
954 500 1013 531 est
1035 496 1240 540 epistulam
1266 496 1332 531 157
1355 502 1692 532 commemoratam
1716 508 1800 534 esse

281 553 385 597 apud
413 553 537 596 ipsum
562 553 821 598 Augustinum
845 554 1008 599 legimus
1033 554 1072 589 in
1096 554 1192 589 libro
1217 554 1265 589 de
1289 554 1410 600 gestis
1434 554 1568 600 Pelagi
1593 555 1647 590 11.
1674 555 1729 590 23.

422 610 621 654 Epistulae
652 611 731 647 158.
763 611 842 647 159.
875 612 954 647 160.
986 612 1064 647 161.
1095 612 1173 647 162.
1205 612 1283 648 163.
1315 612 1381 647 164
1412 612 1512 647 inter
1543 613 1733 648 Evodium
1763 617 1801 649 ct

281 667 540 713 Augustinum
563 669 691 705 datae.

422 728 481 764 Ad
514 728 639 763 Evodi
672 727 877 772 epistulam
911 728 978 764 158
1010 727 1251 773 Augustinus
1285 728 1487 772 respondit
1521 728 1690 773 epistula
1724 729 1802 771 159,

281 788 384 832 quod
406 792 448 822 ut
469 797 488 821 c
503 786 583 822 616
599 796 616 820 ι·
632 786 643 820 1
658 790 706 821 te
722 797 739 820 r
760 785 879 830 fieret,
901 786 1073 821 Evodius
1095 786 1345 831 optaveratfi)
1382 796 1497 830 porro
1519 786 1709 831 epistulae
1734 788 1802 822 16⁰

281 849 319 880 et
345 845 408 880 161
437 844 562 880 Evodi
589 848 677 879 sunt
706 844 813 879 nulla
840 844 1049 889 Augustini
1076 844 1245 888 epistula
1270 844 1547 889 intercedente,
1573 849 1615 880 ut
1641 855 1689 880 ex
1717 844 1801 888 ipso

281 902 471 945 epistulae
498 902 562 937 161
590 902 750 938 exordio
777 902 1058 947 cognoscimus.
1097 902 1226 947 itaque
1257 901 1498 947 Augustinus
1524 902 1573 937 ad
1600 906 1802 948 utramque

282 960 393 995 simul
425 970 653 1004 responsum
685 960 795 995 dedit
825 960 944 995 missa
975 960 1144 1004 epistula
1175 961 1253 995 162.
1298 960 1462 996 necdum
1497 960 1670 995 Evodius
1705 961 1803 996 hanc

281 1022 497 1062 acceperat,
524 1028 609 1053 cum
636 1018 899 1062 superioribus
926 1019 1076 1054 duabus
1102 1018 1279 1062 epistulis
1306 1018 1459 1054 tertiam
1490 1018 1654 1063 addidit,
1681 1018 1736 1053 ita
1761 1023 1802 1054 ut

281 1076 471 1119 epistulae
497 1076 564 1111 162
587 1081 625 1111 et
651 1077 718 1112 163
744 1076 879 1112 eodem
905 1081 1078 1120 tempore
1102 1076 1366 1120 perferrentur
1391 1076 1513 1112 altera
1537 1077 1587 1111 ad
1611 1076 1802 1112 Evodium

282 1133 405 1169 altera
437 1134 487 1169 ad
520 1134 824 1179 Augustinum.³)
873 1134 1114 1180 Augustinus
1148 1134 1289 1170 deinde
1326 1134 1375 1170 ad
1408 1134 1614 1178 epistulam
1649 1135 1716 1170 163
1750 1145 1807 1170 re-

282 1191 441 1235 spondit
464 1192 632 1236 epistula
657 1193 736 1227 164.
771 1197 887 1238 atque
911 1193 1006 1228 haec
1031 1193 1078 1228 de
1103 1192 1237 1228 harum
1265 1193 1518 1236 epistularum
1543 1193 1690 1228 ordine.
1728 1203 1802 1238 quo

282 1252 410 1285 autem
441 1253 613 1294 tempore
647 1250 815 1294 scriptae
846 1251 933 1295 sint,
964 1251 1011 1286 de
1042 1250 1211 1295 epistula
1240 1250 1306 1286 159
1337 1254 1375 1286 et
1405 1250 1472 1285 162
1503 1250 1622 1286 statui
1652 1254 1792 1295 potest.

282 1310 320 1345 in
347 1310 413 1345 illa
440 1309 541 1345 enim
572 1309 813 1354 Augustinus
844 1309 890 1344 de
917 1309 1147 1344 duodecimo
1175 1308 1271 1344 libro
1300 1319 1442 1353 eorum,
1471 1319 1567 1354 quos
1595 1309 1642 1344 de
1671 1308 1804 1354 genesi

283 1368 512 1412 scripsisset,
548 1366 763 1412 loquitur;⁴)
799 1370 859 1402 est
894 1369 1023 1402 autem
1060 1366 1120 1402 hic
1156 1365 1252 1401 liber
1288 1370 1505 1411 postremus
1541 1366 1642 1401 illius
1678 1366 1805 1411 operis

282 1430 320 1462 et
342 1426 445 1460 circa
465 1436 499 1460 a.
521 1425 589 1460 415
611 1424 823 1469 confectus,
845 1425 1027 1470 quoniam
1049 1435 1147 1469 opus
1173 1425 1298 1469 ipsum
1324 1425 1424 1460 inter
1447 1435 1570 1460 annos
1593 1425 1659 1460 401
1683 1435 1803 1470 usque

283 1486 332 1521 ad
356 1485 424 1520 415
448 1488 506 1520 est
530 1483 796 1528 compositum.
819 1482 986 1527 epistula
1008 1482 1124 1527 igitur
1147 1482 1267 1517 multo
1292 1485 1381 1517 ante
1406 1493 1438 1517 a.
1462 1482 1530 1517 415
1554 1482 1696 1527 scripta
1720 1492 1805 1517 esse

283 1553 359 1578 non
399 1546 530 1587 potest
570 1552 693 1587 neque
731 1551 824 1577 vero
863 1544 951 1585 post
990 1540 1096 1576 illum
1134 1551 1288 1584 annum,
1328 1551 1413 1576 cum
1453 1541 1492 1575 in
1531 1541 1699 1584 epistula
1739 1541 1805 1576 162

281 1600 367 1636 libri
399 1600 447 1636 de
480 1599 613 1645 genesi
646 1599 817 1634 nondum
850 1598 945 1634 editi
977 1597 1199 1642 dicantur.⁵)
1248 1609 1324 1643 qua
1356 1609 1395 1633 re
1431 1603 1618 1644 utraeque
1651 1599 1804 1634 litterae

284 1659 450 1703 scriptae
477 1668 561 1693 esse
587 1657 780 1700 videntur,
808 1667 882 1701 quo
910 1660 1081 1700 tempore
1109 1655 1348 1701 Augustinus
1375 1655 1492 1691 libros
1519 1656 1566 1691 de
1592 1656 1737 1701 genesi,
1764 1659 1806 1691 ut

282 1716 538 1759 mitterentur,
571 1719 730 1759 paratos
766 1715 941 1756 habebat.
989 1714 1035 1750 de
1070 1714 1208 1750 ceteris
1242 1714 1407 1759 denique
1441 1714 1582 1750 litteris
1616 1715 1653 1750 id
1687 1725 1804 1750 unum

282 1773 477 1808 adfirmari
510 1777 640 1817 potest
671 1783 805 1808 omnes
839 1772 1078 1808 brevissimis
1113 1777 1328 1816 temporum
1363 1772 1579 1807 intervallis
1612 1783 1696 1808 esse
1730 1773 1806 1808 dis-

284 1831 447 1866 iunctas.
484 1842 572 1866 nam
599 1831 674 1866 tale
701 1834 785 1866 erat
810 1830 935 1865 Evodi
961 1830 1000 1865 in
1022 1830 1165 1866 litteris
1192 1830 1405 1866 scribendis
1432 1830 1613 1875 studium,
1641 1835 1682 1866 ut
1708 1830 1804 1865 alias

283 1899 398 1933 super
436 1889 533 1923 alias
570 1899 646 1924 non
681 1892 888 1932 expectato
923 1888 1131 1933 Augustini
1171 1898 1357 1931 responso
1396 1888 1576 1923 mitteret.
1626 1888 1680 1923 ita
1715 1893 1804 1923 ante

283 1947 407 1990 ipsam
441 1947 647 1990 epistulam
684 1947 750 1981 158
785 1946 945 1982 alteram
980 1946 1149 1990 miserat,
1183 1957 1297 1991 quam
1333 1956 1418 1980 cum
1455 1946 1528 1980 iam
1565 1946 1805 1990 Augustinus

283 2004 529 2048 perdidisset,
560 2015 637 2039 non
667 2004 908 2049 habemus30)
943 2004 998 2039 ita
1027 2004 1212 2047 deinceps
1245 2008 1334 2047 post
1367 2003 1573 2047 epistulam
1605 2004 1672 2038 160
1702 2003 1806 2038 misit

283 2063 489 2106 epistulam
530 2062 593 2097 161
635 2067 671 2098 et
714 2067 802 2106 post
839 2062 1044 2106 epistulam
1085 2062 1149 2096 161
1190 2061 1395 2105 epistulam
1436 2061 1516 2096 163:
1557 2061 1595 2096 in
1633 2066 1805 2096 extrema

283 2120 452 2164 epistula
485 2120 551 2155 158
585 2121 632 2155 31)
665 2120 895 2164 Augustino,
929 2119 1198 2155 celeriter
1231 2124 1273 2154 ut
1309 2119 1548 2163 rescriberet,
1584 2119 1735 2164 flagitat
1768 2123 1806 2154 et

283 2177 525 2222 Augustinus
555 2177 762 2222 epistulam
793 2177 861 2212 162
890 2178 1028 2221 incipit
1058 2177 1205 2213 dicens:
1238 2177 1359 2212 Multa
1389 2178 1543 2221 quaeris
1575 2178 1622 2212 ab
1653 2177 1806 2211 homine

284 2236 445 2270 multum
481 2239 672 2280 occupato
708 2239 747 2271 et
781 2246 827 2270 ea
863 2239 979 2280 putas
1017 2236 1398 2279 praecipitari
1433 2235 1573 2270 debere
1609 2235 1806 2277 dictando,

286 2303 384 2338 quae
406 2297 484 2329 tam
503 2297 594 2329 sunt
613 2294 799 2335 difficilia.
832 2293 997 2339 denique
1021 2293 1262 2338 Augustinus
1284 2293 1322 2328 in
1344 2292 1512 2336 epistula
1533 2293 1600 2327 162
1622 2303 1684 2327 nu
1700 2303 1723 2337 p
1739 2303 1758 2327 e
1774 2303 1806 2326 r-

285 2350 414 2387 rime
439 2362 479 2387 se
503 2351 710 2395 epistulam
735 2351 801 2386 159
825 2351 976 2386 misisse
1005 2351 1180 2396 scribit.⁷)
1218 2361 1316 2396 quae
1341 2360 1426 2386 cum
1452 2350 1505 2385 ita
1531 2350 1619 2394 sint,
1644 2350 1805 2387 litteras.

285 2419 381 2454 quas
405 2419 523 2453 supra
547 2409 639 2454 dixi,
664 2419 797 2444 omnes
821 2410 930 2445 brevi
955 2409 1081 2452 spatio
1107 2419 1294 2444 annorum
1322 2408 1507 2443 414-415
1535 2408 1679 2443 includi
1704 2408 1805 2443 haud

286 2466 365 2502 scio
397 2478 446 2502 an
476 2471 578 2502 recte
609 2466 905 2501 adfirmaverim.

427 2594 455 2637 ¹)
485 2593 539 2627 III
570 2594 612 2628 19
647 2593 789 2638 (Migne
819 2593 957 2637 patrol.
986 2594 1051 2628 lat.
1080 2593 1207 2628 XXIII
1237 2593 1258 2627 2
1287 2603 1323 2637 p.
1351 2593 1430 2628 588.
1460 2593 1632 2637 43-589,
1662 2592 1735 2635 121).

426 2650 456 2694 ²)
486 2661 522 2695 p.
546 2651 624 2695 497,
651 2651 705 2686 12.
895 2651 924 2696 ³)
954 2661 990 2695 p.
1015 2652 1094 2695 520,
1121 2652 1271 2694 12-153
1297 2651 1376 2690 541,
1402 2651 1503 2684 1-4.

428 2708 458 2752 ⁴)
487 2719 523 2752 p.
545 2709 622 2753 499,
645 2710 794 2743 17-18,
902 2708 931 2754 ⁵)
960 2719 996 2753 p.
1016 2710 1095 2754 513,
1119 2709 1221 2744 ‘2—3.

428 2765 457 2805 Β)
488 2775 524 2809 p.
550 2767 629 2810 488,
657 2767 807 2808 15—16;
837 2768 915 2811 498,
945 2768 980 2802 8:
1006 2767 1086 2811 520,
1114 2768 1218 2810 vss&
1246 2767 1324 2809 541,
1352 2766 1477 2801 7-11.

427 2823 457 2867 ⁷)
487 2834 523 2868 p.
555 2823 634 2869 513,
668 2824 722 2859 21.
