2078 3054
917 124 1060 162 Index
1086 124 1132 159 V.
1714 109 1799 150 263

253 240 432 276 Medea
463 249 549 274 cum
582 238 660 273 suis
693 236 882 282 anguibus
914 235 1012 271 aliti-

299 297 370 332 bus
396 296 535 332 iunctis
561 295 650 340 iugo
675 295 691 329 Ι
717 295 771 338 15,
796 294 850 330 18.

254 354 648 390 medicamenta
710 351 758 387 ab
819 350 1010 386 archiatro

300 414 461 456 accepta
487 410 625 445 Darius
655 410 704 445 ad
731 409 775 444 A.
805 407 1013 444 deferenda

301 468 461 512 curavit,
488 478 585 513 quae
613 467 659 502 ad
689 466 920 502 levationem
948 465 1012 500 do-

300 526 390 561 loris
430 529 467 560 et
505 524 625 560 morbi
663 524 898 559 curationem
936 532 1031 558 non¹

300 594 432 628 par-um
464 581 692 627 proficerent
719 581 772 616 IV
801 580 881 623 503,
911 580 966 615 19.

254 639 619 676 Mediolanensis
671 638 874 683 episcopus
926 636 1012 671 Am-

302 697 450 732 brosius
478 697 512 731 II
538 697 595 741 62,
622 697 655 732 3.
685 696 737 730 III
766 695 844 739 289,
871 695 904 730 3.
933 693 1013 739 342,

299 756 333 791 3.
363 754 525 791 ecclesia
554 754 588 788 II
615 754 670 798 62,
698 755 729 788 7.
758 753 836 797 115,
862 753 894 787 9.

254 811 638 848 Mediolanium
669 811 714 846 A.
746 813 865 845 mater
897 809 1014 844 filium

302 872 511 905 consecuta
534 869 682 904 invenit
706 867 906 904 ecclesiam
931 865 1014 902 sab-

301 927 390 963 bato
434 937 510 962 non
552 926 720 962 ieiunare
763 925 797 960 II
839 925 917 969 160,
959 924 1013 959 17.

302 986 507 1030 imperator
537 984 743 1029 praecepit,
773 986 815 1018 ut
845 981 1015 1027 episcopi

301 1034 570 1078 'Mediolanium
600 1044 848 1086 sequerentur
875 1039 910 1074 II
938 1039 1015 1083 102,

304 1101 357 1135 16.
387 1100 443 1135 20.
471 1099 656 1135 miracula
682 1097 885 1133 Mediolani
914 1097 1015 1142 apud

303 1158 522 1193 memoriam
565 1160 788 1192 sanctorum
834 1155 936 1190 facta
982 1153 1016 1188 ΙΙ

303 1216 382 1260 336,
425 1217 457 1251 3.
499 1214 705 1250 Mediolani
745 1213 905 1258 Alypius
949 1212 1016 1247 ini-

304 1274 422 1308 tiatus
458 1277 516 1308 est
551 1273 567 1307 I
602 1273 658 1316 76,
693 1272 725 1306 9.
761 1270 1018 1314 Philastrium,

303 1331 524 1366 Brixensem
553 1330 786 1375 episcopum,
817 1338 902 1364 cum
932 1328 1017 1362 Am-

304 1388 431 1423 brosio
479 1387 683 1423 Mediolani
731 1387 773 1421 A.
821 1386 919 1421 vidit
965 1384 1036 1420 IV<

306 1446 466 1490 446‚13.

260 1502 524 1548 Megalius
564 1512 680 1538 senex
718 1502 922 1537 defunctus
961 1503 1037 1552 est:

306 1564 345 1595 et
390 1560 588 1605 depositus
635 1563 724 1595 ante
771 1559 852 1594 dies
901 1558 1038 1608 ferme,

307 1618 445 1663 viginti
486 1621 679 1663 quattuor,
722 1627 834 1662 quam
876 1627 932 1661 ep.
973 1616 1019 1651 38

307 1676 351 1710 A.
380 1676 533 1721 scripsit
559 1675 593 1710 II
620 1675 676 1718 65,
705 1675 758 1709 11.

262 1733 531 1779 Megarius
585 1733 787 1777 episcopus
842 1731 879 1766 in
931 1740 1019 1765 con-

308 1791 395 1826 cilio
449 1790 740 1835 Carthaginensi
792 1788 916 1826 adfuit
967 1787 1019 1822 III

307 1848 386 1892 653,
416 1848 448 1883 2.

262 1905 493 1940 Melania
557 1904 707 1949 (minor)
770 1913 804 1938 v.
870 1902 1019 1947 Albina,

308 1963 500 1998 Pinianus.

262 2026 295 2061 M
311 2037 329 2061 e
345 2026 355 2060 l
371 2037 393 2061 a
406 2036 431 2060 n
446 2026 457 2060 i
472 2037 495 2060 u
509 2037 545 2060 m
574 2025 786 2069 (Melaniam
814 2021 1021 2064 maiorem),

311 2088 468 2118 matrem
506 2087 544 2119 et
579 2083 717 2126 aviam,
756 2081 907 2116 flevisse
943 2079 1021 2115 obi-

310 2145 389 2175 tum
423 2141 525 2176 unici
560 2140 626 2175 filii
661 2140 704 2174 A.
740 2139 838 2173 vidit
873 2138 906 2172 II
941 2137 1020 2181 499,

316 2199 346 2233 l..
402 2198 486 2243 ipsa
539 2198 657 2232 vitam
711 2195 1018 2231 monasterialem

312 2255 479 2301 elegerat
540 2259 575 2289 et
638 2253 807 2298 inprimis
857 2251 1021 2294 dolebat,

313 2312 414 2357 quod
454 2312 570 2346 filium
611 2312 709 2346 idem
750 2310 874 2345 facere
917 2319 1022 2344 sena-

312 2370 431 2405 toriae
483 2369 680 2413 dignitatis
732 2367 887 2402 ambiffio
939 2376 1022 2411 pro-

314 2426 488 2461 hibuerat
519 2426 552 2460 II
584 2426 662 2462 499.
694 2425 820 2460 9—18.
854 2424 1024 2468 perfecta

314 2488 396 2518 erat
421 2483 460 2517 in
486 2482 635 2518 Christo
663 2482 804 2516 femina
828 2481 860 2515 II
887 2481 966 2524 499,
990 2481 1023 2514 5.

319 2540 362 2574 A.
406 2541 486 2574 eius
528 2539 661 2574 laudes
706 2538 944 2583 praedicavit
985 2537 1019 2572 II

314 2598 392 2641 500,
426 2597 479 2632 16.

269 2659 302 2693 M
317 2670 336 2695 e
351 2660 363 2694 l
378 2670 396 2695 c
413 2660 435 2693 h
450 2659 461 2694 i
476 2670 499 2694 a
512 2659 536 2695 d
550 2670 569 2694 e
586 2670 614 2703 S,
650 2659 852 2703 episcopus
889 2657 1024 2692 Roma-

277 2746 279 2748 .
316 2727 387 2752 nus
414 2717 447 2751 II
476 2717 552 2760 154,
580 2716 610 2750 1.
638 2716 696 2750 vir
723 2715 900 2760 optimus,
926 2714 1042 2748 filius

317 2773 554 2810 Christianae
603 2773 719 2819 pacis,
768 2775 875 2818 pater
922 2770 1026 2807 Chri-

1094 238 1241 273 stianae
1268 237 1388 283 plebis
1417 237 1451 272 11
1476 238 1533 281 98,
1562 237 1616 271 14.
1645 247 1690 272 eo
1717 246 1803 271 cum

1093 295 1250 340 collegis
1289 295 1367 330 suis
1406 294 1601 330 iudicante
1636 293 1730 329 nihil
1766 294 1803 328 in

1097 352 1313 388 Caeciliano
1356 351 1506 397 probari
1548 351 1685 396 potuit,
1727 361 1802 396 quo

1094 411 1132 445 in
1166 410 1389 455 episcopatu
1423 408 1646 444 confirmato
1680 407 1805 443 Dona-

1095 472 1156 503 tus
1185 471 1243 503 est
1272 467 1494 512 inprobatus
1523 466 1557 500 II
1586 466 1641 510 87,
1669 465 1727 509 213
1758 465 1804 505 ct.

1095 526 1174 568 601,
1199 526 1229 560 4.
1254 524 1484 560 Melchiades
1508 522 1601 558 illud
1625 522 1805 558 iudicium

1095 593 1172 618 non
1209 582 1421 627 usurpavit,
1462 581 1529 616 sed
1567 580 1806 625 imperatoris

1097 640 1201 674 iussu
1230 640 1380 684 accepit
1406 639 1440 673 ΙΙ
1468 639 1523 674 96.
1551 639 1584 673 6.
1613 638 1694 673 eius
1724 647 1806 672 sen·

1097 697 1216 732 tentia
1254 698 1300 732 de
1340 707 1432 741 pace
1471 706 1556 731 cum
1593 694 1806 731 Donatistis

1097 754 1337 790 concilianda
1366 753 1400 788 II
1430 753 1486 797 98,
1517 754 1548 787 4.

1049 817 1454 853 Melchisedech
1495 816 1643 861 prolato
1684 825 1808 850 sacra-

1096 879 1223 910 mento
1260 885 1412 910 mensae
1450 873 1663 908 dominicae
1699 872 1808 907 novit

1097 937 1293 968 aeternum
1353 931 1494 967 Christi
1554 929 1809 966 sacerdotium

1097 990 1259 1036 figurare
1288 989 1342 1024 III
1369 989 1448 1032 681,
1476 988 1509 1023 5.

1051 1047 1241 1082 melos:
1279 1047 1325 1082 de
1360 1045 1457 1081 melo
1494 1043 1658 1080 scribere
1694 1042 1809 1078 libros

1099 1105 1260 1140 forsitan
1290 1115 1356 1139 sex
1384 1104 1428 1138 A.
1458 1101 1696 1147 disponebat,
1725 1110 1810 1136 cum

1100 1162 1171 1197 sibi
1225 1162 1343 1196 otium
1399 1161 1568 1196 futurum
1623 1158 1812 1203 sperabat.

1101 1220 1167 1254 sed
1197 1220 1339 1254 frustra
1366 1218 1400 1253 II
1427 1217 1507 1261 542,
1536 1218 1569 1252 3.

1052 1275 1538 1312 Membressitanus
1576 1284 1611 1309 v.
1649 1272 1811 1308 Salvius.

1056 1333 1477 1369 Memlonitanus
1520 1342 1553 1366 v.
1597 1330 1810 1365 Armenius.

1054 1391 1331 1427 memoria:
1362 1390 1408 1426 de
1439 1388 1620 1425 memoria
1650 1387 1666 1423 Ι
1695 1388 1751 1432 13,
1780 1387 1812 1422 7.

1101 1450 1275 1494 quamvis
1321 1458 1398 1483 non
1442 1446 1564 1482 omnis
1611 1445 1814 1491 phantasia

1101 1517 1186 1541 cum
1221 1505 1403 1541 memoria
1436 1504 1495 1548 sit,
1530 1503 1652 1539 omnis
1686 1506 1813 1538 tamen

1102 1563 1282 1599 memoria
1336 1563 1416 1598 sine
1473 1561 1677 1607 phantasia
1730 1570 1813 1595 esse

1102 1632 1179 1656 non
1229 1624 1356 1665 potest
1406 1620 1422 1654 Ι
1473 1619 1526 1663 12,
1577 1619 1597 1653 8
1647 1618 1813 1661 (Nebr.)‚·

1102 1679 1205 1714 aliud
1234 1678 1427 1713 existimat
1454 1677 1498 1711 A.
1529 1677 1582 1719 13,
1611 1676 1642 1710 9.
1673 1685 1748 1710 non
1777 1674 1814 1708 in

1102 1735 1275 1771 omnibus
1340 1734 1530 1769 memoriis
1595 1736 1813 1767 sanctorum

1103 1793 1284 1828 miracula
1309 1792 1388 1827 fieri
1413 1791 1536 1826 voluit
1560 1791 1653 1825 deus
1679 1790 1713 1824 II
1735 1789 1813 1824 336.

1104 1851 1157 1885 11.

1057 1913 1340 1948 Memorius
1378 1911 1580 1956 episcopus
1616 1908 1732 1944 libros
1769 1907 1815 1942 de

1103 1971 1248 2005 musica
1298 1969 1346 2004 ab
1395 1969 1439 2003 A.
1489 1968 1734 2012 flagitaverat
1781 1965 1815 1999 ΙΙ

1103 2028 1182 2071 542,
1218 2027 1250 2062 2.
1287 2027 1346 2061 cui
1383 2027 1426 2060 A.
1465 2036 1521 2070 ep.
1560 2025 1623 2059 101
1662 2032 1816 2067 respon-

1105 2085 1161 2119 dit
1213 2088 1250 2119 et
1303 2087 1452 2118 sextum
1505 2082 1652 2124 librum,
1705 2089 1815 2124 quem

1105 2142 1345 2177 emendatum
1383 2143 1613 2184 reppererat,
1651 2148 1727 2172 non
1764 2136 1816 2170 di-

1106 2199 1213 2234 stulit
1242 2198 1393 2233 mittere
1421 2197 1455 2231 II
1485 2197 1564 2240 542,
1596 2196 1650 2230 18.
1681 2193 1817 2239 quibus

1107 2256 1272 2290 numeris
1349 2254 1604 2290 consisterent
1682 2260 1816 2286 versus

1106 2313 1293 2356 Davidici,
1332 2322 1371 2347 se
1409 2310 1610 2355 scripsisse
1647 2308 1818 2354 negavit3

1108 2381 1194 2404 nam
1237 2370 1274 2404 id
1316 2378 1466 2413 quoque
1509 2366 1711 2402 Memorius
1753 2364 1815 2399 fla-

1106 2427 1291 2472 gitavisse
1324 2426 1476 2461 videtur
1508 2424 1542 2459 11
1574 2424 1654 2466 543,
1685 2424 1718 2458 8.

1060 2484 1284 2519 mensis:
1328 2486 1482 2528 propter
1521 2481 1623 2516 vitae
1665 2482 1818 2515 nostrae

1108 2541 1319 2576 novitatem
1343 2540 1484 2585 primus
1506 2538 1647 2573 mensis
1670 2538 1706 2572 in
1730 2536 1819 2571 anni

1108 2598 1299 2633 mensibus
1352 2596 1600 2632 celebrationi
1655 2594 1819 2639 paschae

1108 2654 1323 2691 adtributus
1354 2657 1425 2697 est,
1456 2664 1543 2688 nam
1573 2653 1652 2697 ipse
1681 2651 1820 2686 dicitur

1109 2718 1147 2747 et
1181 2712 1320 2747 mensis
1356 2721 1542 2746 novorum
1579 2710 1612 2744 II
1650 2709 1726 2752 174,
1763 2708 1819 2749 18;

1110 2769 1345 2814 (γ.179,13.
