2078 3054
294 143 377 185 286

342 270 563 315 peccaverit
595 270 649 305 III
683 270 762 315 695,
798 269 853 304 29.
888 268 968 313 696,
1004 269 1056 304 15.

342 328 543 374 Pelagiani
572 338 647 369 non
675 328 760 363 ideo
788 332 895 363 erant
926 327 1056 362 haere-

343 386 420 431 tici,
458 386 549 431 quia
586 385 765 421 dicebant
802 385 948 420 animas
986 383 1058 419 ori-

341 444 469 489 ginem
503 444 550 479 de
584 443 648 478 illa
681 443 807 488 prima
841 442 1056 486 peccatrice

343 512 418 537 non
444 502 597 546 ducere,
623 501 691 537 sed
714 501 806 547 quia
829 500 918 535 hinc
943 510 1057 535 cona-

340 559 480 594 bantur
511 559 663 595 eificere
696 559 845 594 animas
878 558 1057 603 parvulo-

342 627 425 652 rum
450 616 545 652 nihil
566 616 659 652 mali
682 627 729 652 ex
755 616 879 652 Adam
903 616 1055 651 trahere

342 674 394 709 IV
428 675 507 719 158,
537 675 570 710 3.
603 673 738 720 Pelagi
770 673 1055 720 argumentatio

341 732 454 768 huius
489 733 705 768 sententiae
739 732 793 766 IV
828 732 904 777 158,
936 732 968 768 9.
1002 731 1057 766 in-

342 790 470 826 fantes
496 800 618 835 nuper
644 790 738 836 nati,
763 790 900 836 inquit,
925 790 965 826 in
990 789 1055 825 illo

343 852 448 884 statu
486 853 588 895 sunt,
627 848 666 884 in
705 858 781 894 quo
819 847 944 883 Adam
983 847 1057 882 fuit

341 910 433 942 ante
458 906 834 951 praevaricationem
862 905 915 941 IV
940 906 996 951 71,
1023 905 1056 941 4.

342 964 470 1000 nullus
496 969 626 1000 reatus
650 969 710 1000 est
733 975 781 1000 ex
808 964 933 1000 Adam
957 968 1057 999 trac-

341 1027 416 1068 tus,
451 1023 517 1068 qui
551 1032 620 1067 per
654 1022 889 1067 baptismum
925 1022 966 1057 in
1001 1022 1057 1058 in-

342 1081 448 1116 fante
480 1080 696 1116 solveretur
726 1080 779 1115 111
808 1080 889 1125 554,
922 1080 979 1124 13;
1011 1079 1057 1121 cf.

340 1138 419 1184 660,
448 1138 501 1174 13.
524 1138 603 1184 661,
627 1139 660 1174 4.
682 1148 753 1174 nec
778 1137 933 1183 parvuli
958 1137 1056 1173 indi-

340 1201 433 1242 gent
465 1197 592 1242 gratia
625 1196 845 1241 salvatoris,
878 1206 955 1242 qua
988 1205 1055 1240 per

341 1255 423 1290 eius
469 1246 710 1298 baptismum
762 1265 786 1289 a
837 1253 1054 1298 perditione

340 1312 562 1358 liberentur,
597 1322 654 1358 eo,
688 1312 791 1358 quod
827 1312 972 1347 nullum
1007 1322 1055 1347 ex

341 1370 465 1406 Adam
519 1370 740 1416 contagium
794 1369 1055 1406 damnationis

340 1428 531 1463 traxerint
565 1427 620 1463 III
651 1428 731 1473 690,
759 1428 791 1463 3.
824 1438 901 1463 non
930 1427 1055 1471 opitu-

340 1486 441 1521 latur
469 1486 642 1530 parvulis
667 1486 717 1522 ad
743 1485 1054 1531 consequendam

340 1544 461 1579 vitam
484 1548 681 1579 aeternam
704 1543 947 1579 Christianae
970 1553 1055 1589 gra-

341 1601 418 1637 tiae
456 1606 740 1637 sacramentum
791 1600 846 1636 III
883 1601 961 1646 666,
1001 1601 1055 1636 13.

341 1659 510 1695 infantes
540 1659 657 1695 etiam
689 1659 722 1695 si
751 1669 829 1695 non
857 1659 1077 1704 baptizan-¹

340 1722 414 1764 tur,
446 1717 588 1754 habent
619 1718 740 1753 vitam
771 1722 969 1758 aeternam
1003 1716 1055 1751 IV

341 1776 395 1820 71,
434 1776 469 1820 83
506 1775 552 1817 ct.
589 1775 646 1810 ΙΙΙ
679 1776 758 1821 458,
795 1776 850 1810 24.
884 1775 963 1820 660,
1000 1774 1054 1810 13.

341 1833 421 1878 662,
446 1833 478 1869 8.
502 1833 581 1878 666,
607 1834 638 1869 1.
662 1833 741 1879 720,
764 1833 796 1869 6.
821 1832 873 1867 IV
899 1833 975 1878 169,
998 1833 1054 1868 30.

340 1891 419 1937 209,
465 1891 498 1937 6,
541 1891 723 1937 quoniam
768 1891 849 1926 sine
894 1894 1054 1936 peccato

341 1952 553 1984 nascuntur
613 1949 667 1984 III
714 1950 794 1994 448,
844 1949 884 1983 14
933 1947 1055 1993 (Hit).

340 2007 420 2052 457,
468 2008 500 2043 7.
548 2007 667 2043 nihilo
716 2007 856 2042 minus:
918 2006 1056 2051 ‘Deus‘,

342 2065 533 2110 dicebant,
561 2065 611 2100 ‘in
636 2065 823 2111 parvulis,
847 2074 943 2110 quos
968 2064 1056 2099 hinc

341 2123 478 2167 aufert,
510 2123 725 2168 praevidet,
754 2133 866 2168 quem
898 2123 947 2158 ad
979 2132 1057 2157 mo-

341 2181 432 2216 dum
459 2181 633 2216 victurus
660 2181 798 2216 fuisset
822 2181 997 2226 quisque,
1024 2180 1056 2215 si

340 2238 506 2282 viveret;
570 2237 669 2283 ideo,
717 2249 830 2284 quem
880 2238 1055 2284 nequiter

342 2296 451 2332 novit
479 2296 597 2332 fuisse
623 2296 828 2341 victurum,
856 2296 937 2332 sine
964 2297 1055 2339 bap-

342 2354 455 2389 tismo
487 2353 592 2399 facit,
624 2359 666 2389 ut
698 2354 895 2399 moriatur,
929 2354 984 2389 sic
1017 2353 1056 2388 in

342 2422 387 2447 eo
439 2407 619 2456 puniens*
650 2422 770 2455 opera
817 2412 929 2456 mala,
979 2422 1055 2446 non

342 2480 439 2515 quae
484 2469 586 2513 fecit,
630 2469 696 2505 sed
739 2480 839 2515 quae
883 2469 1056 2505 facturus

344 2527 426 2562 fuit*
452 2527 502 2561 IV
528 2527 607 2570 208,
629 2528 688 2571 213
712 2528 759 2568 cf.
781 2528 861 2572 204,
883 2527 914 2562 2.
938 2527 1055 2572 igitur

342 2595 617 2630 usquequaque
643 2585 811 2620 convicti
837 2585 952 2620 etiam
978 2595 1055 2620 non

342 2643 631 2678 commissorum
663 2647 909 2688 peccatorum
942 2643 1055 2679 deum

342 2700 575 2744 persuadere
607 2700 863 2735 moliebantur
893 2700 1055 2735 ultorem

342 2757 394 2792 IV
442 2758 519 2802 210,
570 2759 604 2801 73
665 2758 1075 2802 circumstipabantur·

343 2819 442 2853 euim
485 2824 522 2853 ct
562 2818 781 2854 divinarum
823 2788 1075 2867 auctoritate!

967 155 1110 192 Index
1135 154 1180 191 V.

1141 269 1349 305 lectionum
1386 274 1425 306 et
1458 270 1674 316 antiquitus
1710 271 1854 306 tradito

1141 336 1186 362 ac
1222 331 1372 363 retento
1411 327 1519 364 firmo
1555 328 1742 364 ecclesiae
1778 328 1855 363 ritu

1141 385 1180 420 in
1227 385 1458 428 baptismate
1507 386 1756 430 parvulorum
1803 386 1855 421 IV

1142 442 1220 487 210,
1260 444 1313 479 13.
1351 443 1531 478 dicebant
1568 444 1683 479 etiam
1720 454 1858 489 parvu-

1142 500 1199 535 los
1243 501 1402 545 propria
1443 511 1511 546 per
1554 501 1714 537 liberum
1757 502 1855 538 arbi-

1142 558 1256 593 trium
1288 559 1427 594 habere
1460 564 1622 603 peccata
1653 559 1705 595 IV
1735 560 1791 606 56,
1822 560 1854 594 5.

1141 615 1284 652 divites
1328 617 1516 661 baptizati
1561 617 1635 652 nisi
1677 618 1854 653 omnibus

1141 674 1419 720 renuntiarent,
1456 674 1488 709 si
1525 675 1618 720 quid
1654 675 1745 711 boni
1780 675 1855 711 visi

1141 732 1307 768 fuissent
1353 732 1490 777 facere,
1549 743 1626 768 non
1684 733 1856 777 reputari

1142 790 1216 825 illis
1259 791 1449 834 putabant
1491 801 1562 826 nec
1605 801 1672 827 eos
1715 791 1855 827 habere

1142 858 1256 892 posse
1288 859 1448 894 regnum
1479 849 1542 884 dei
1572 849 1624 883 IV
1655 849 1710 895 71,
1739 849 1776 894 93
1807 849 1854 891 cs.

1144 905 1197 940 III
1226 907 1305 951 448,
1335 907 1388 942 15.
1416 906 1496 952 472,
1524 907 1696 952 10—478,
1727 907 1779 942 13.
1807 916 1854 942 ex

1142 964 1251 1000 nobis
1282 964 1378 1009 ipsis
1409 974 1480 1000 nos
1511 964 1663 1010 habere,
1697 965 1730 1000 si
1763 964 1855 1011 quid

1142 1022 1324 1067 iustitiae,
1367 1022 1643 1068 continentiae,
1686 1023 1856 1068 pietatis,

1142 1080 1335 1115 castitatis
1384 1080 1423 1115 in
1473 1081 1584 1116 nobis
1634 1085 1749 1126 esset,
1809 1090 1854 1117 eo

1141 1138 1244 1184 quod
1279 1139 1335 1174 ita
1369 1148 1439 1174 nos
1473 1138 1713 1174 condidisset
1748 1139 1854 1183 deus,

1141 1200 1183 1231 ut
1229 1196 1341 1241 ultra,
1390 1201 1543 1241 praeter
1592 1197 1695 1242 quod
1744 1196 1854 1232 nobis

1140 1254 1331 1290 revelaret
1379 1254 1592 1299 scientiam,
1642 1254 1737 1290 nihil
1784 1264 1855 1289 nos

1141 1312 1346 1348 adiuvaret
1383 1312 1435 1347 IV
1476 1312 1552 1357 121,
1592 1312 1649 1357 123
1689 1313 1736 1355 cf.
1776 1312 1853 1357 126,

1143 1370 1196 1405 17.
1232 1369 1288 1404 III
1323 1370 1403 1415 452,
1441 1370 1495 1406 12.
1535 1380 1574 1406 se
1612 1370 1718 1414 ipsos
1754 1381 1779 1406 a
1814 1379 1853 1405 se

1142 1428 1237 1472 ipsis
1262 1428 1384 1464 iustos
1408 1427 1489 1464 fieri
1511 1428 1563 1463 IV
1587 1428 1668 1474 382,
1692 1429 1746 1464 13.
1769 1438 1854 1474 gra-

1140 1486 1233 1521 tiam
1267 1486 1329 1522 dei
1361 1491 1476 1531 atque
1509 1486 1744 1524 adiutorium
1778 1496 1854 1521 non

1132 1544 1190 1579 'ad
1229 1544 1402 1589 singulos
1441 1548 1551 1579 actus
1588 1544 1673 1580 dari
1711 1544 1778 1580 sed
1815 1543 1854 1579 in

1140 1602 1259 1637 libero
1294 1602 1453 1637 arbitrio
1487 1612 1572 1638 esse
1605 1602 1667 1638 vel
1698 1602 1738 1637 in
1769 1602 1855 1647 lege

1141 1664 1256 1705 atque
1292 1660 1470 1695 doctrina
1507 1660 1558 1694 IV
1593 1660 1648 1705 71,
1686 1660 1739 1695 11.
1775 1659 1855 1704 406,

1141 1718 1173 1752 4.
1200 1718 1279 1763 412,
1305 1718 1337 1753 6.
1366 1718 1548 1763 Pelagius
1575 1722 1613 1753 et
1639 1717 1854 1754 Caelestius

1141 1776 1427 1811 contendebant
1454 1776 1493 1810 in
1522 1786 1567 1811 eo
1596 1775 1660 1811 dei
1688 1776 1853 1821 gratiam

1140 1833 1415 1878 deputandam,
1451 1834 1554 1879 quod
1588 1833 1704 1869 talem
1736 1833 1855 1869 homi-

1141 1892 1200 1926 nis
1225 1891 1456 1927 instituisset
1480 1891 1768 1937 creavissetque
1789 1901 1855 1927 na-

1141 1954 1278 1994 turam,
1315 1960 1412 1995 quae
1450 1960 1517 1994 per
1555 1949 1751 1993 propriam
1788 1958 1855 1984 vo-

1140 2007 1327 2043 luntatem
1362 2007 1486 2053 legem
1521 2007 1585 2042 dei
1621 2011 1754 2051 posset
1788 2006 1854 2041 im-

1140 2065 1245 2108 plere
1282 2065 1363 2100 sive
1400 2064 1628 2100 naturaliter
1664 2065 1704 2100 in
1738 2064 1853 2100 corde

1141 2123 1399 2167 conscriptam
1432 2123 1513 2158 sive
1545 2122 1595 2157 in.
1616 2122 1756 2158 litteris
1789 2122 1854 2158 da-

1140 2185 1233 2224 tam3
1267 2181 1428 2216 eandem
1462 2190 1613 2226 quoque
1647 2180 1771 2226 legem
1804 2179 1854 2215 ad

1144 2238 1307 2284 gratiam
1352 2238 1556 2283 pertinere,
1600 2238 1703 2284 quod
1747 2238 1850 2273 illam

1140 2296 1235 2331 deus
1276 2296 1314 2331 in
1359 2296 1593 2331 adiutorium
1635 2295 1853 2331 hominibus

1140 2353 1312 2389 dedisset
1360 2353 1415 2388 III
1450 2354 1529 2399 655,
1570 2354 1623 2388 15.
1673 2353 1852 2399 Pelagius

1140 2411 1368 2447 adfirmabat
1414 2421 1491 2446 non
1538 2411 1659 2446 solum
1706 2411 1756 2446 ad
1799 2410 1853 2445 fa-

1141 2469 1279 2505 cienda
1318 2480 1450 2504 verum
1493 2469 1609 2504 etiam
1652 2469 1700 2504 ad
1743 2467 1852 2513 perfi-

1141 2527 1279 2562 cienda
1341 2526 1526 2562 mandata
1587 2526 1722 2561 divina
1784 2535 1852 2570 per

1139 2584 1299 2620 liberum
1324 2584 1523 2620 arbitrium
1549 2584 1621 2619 sibi
1647 2584 1850 2619 humanam

1140 2642 1315 2678 sufficere
1363 2647 1539 2677 naturam
1588 2641 1643 2676 111
1691 2642 1769 2686 677,
1814 2641 1851 2683 3;

1141 2701 1187 2741 cf.
1214 2700 1292 2745 682,
1316 2701 1348 2735 5.
1374 2700 1452 2744 683,
1481 2699 1534 2734 12.
1562 2699 1663 2735 idem
1689 2699 1729 2734 in
1753 2698 1850 2734 libro

1140 2768 1209 2793 suo
1252 2757 1500 2793 vehementer
1541 2756 1742 2792 contendit
1783 2766 1851 2801 per

1140 2819 1261 2855 solum
1313 2819 1472 2854 liberum
1525 2818 1725 2854 arbitrium
1779 2817 1851 2853 sibi
