2078 3054
884 136 1024 173 Index
1055 136 1097 171 V.
1688 124 1767 167 195

264 257 403 288 verunt
443 252 476 286 11
518 253 595 296 482,
637 253 666 286 1.
706 262 781 296 qua
820 261 973 295 separa-

264 311 367 345 tione
396 321 434 346 se
464 321 600 345 cavere
629 310 794 353 aiebant,
822 320 868 344 ne
897 320 973 344 ma-

264 368 483 403 cularentur
534 368 703 412 peccatis
753 367 889 402 alienis
940 367 973 400 11

263 427 342 471 483,
378 426 430 460 15.
465 425 692 461 Donatistae
727 436 766 461 se
800 436 824 460 a
854 425 974 460 totius

263 484 365 518 orbis
396 483 543 518 unitate
577 483 724 518 nefario
757 482 974 517 schismatis

265 541 466 585 sacrilegio
501 541 716 575 diviserunt
755 540 789 574 II
824 541 902 585 324,
939 541 973 582 7,

265 599 311 639 cf.
347 599 424 642 103,
456 600 488 633 4.
522 599 600 642 327,
634 599 688 633 28.
720 599 799 642 398,
832 599 886 632 21.
920 597 973 631 III

265 656 343 700 265,
373 656 425 691 18.
456 655 506 689 IV
540 657 592 699 15,
622 658 653 691 8.
684 656 820 700 quibus
850 666 974 690 sacra-

264 724 346 748 rum
394 713 608 748 litterarum
654 713 872 757 praeceptis
920 723 975 747 se-

264 771 504 814 parationem
533 782 639 806 suam
670 771 818 806 firmare
846 770 975 805 conati

266 828 342 863 sint
367 828 402 862 11
426 829 504 873 619,
530 829 565 871 4,
592 829 638 869 cs.
664 829 742 872 630,
771 828 822 863 11.
850 827 974 863 Dona-

265 886 377 920 tistas
403 895 486 920 cum
515 886 714 920 catholicis
741 896 824 921 esse
851 886 905 920 ait
931 886 974 920 Α.

266 943 303 978 in
332 943 534 988 baptismo,
567 944 604 978 in
633 943 818 988 symbolo,
849 943 887 978 in
917 954 975 978 ce-

264 1003 357 1036 teris
395 1001 597 1036 dominicis
634 1001 899 1045 sacramentis,
938 1001 976 1035 in

267 1059 403 1102 spiritu
429 1064 556 1094 autem
582 1059 742 1093 unitatis
767 1063 804 1094 et
828 1059 867 1093 in
891 1058 975 1102 ipsa

266 1116 455 1151 catholica
478 1116 641 1152 ecclesia
666 1127 750 1151 cum
776 1116 975 1151 catholicis

266 1184 342 1208 non
373 1184 456 1209 esse
489 1174 523 1208 II
553 1174 630 1218 488,
662 1174 716 1208 24.
749 1173 975 1209 Donatistae

265 1232 312 1266 ab
343 1233 432 1267 orbe
467 1236 653 1267 terrarum
685 1231 798 1276 longe
833 1232 975 1266 maiore

267 1289 409 1324 scelere
437 1289 653 1324 schismatis
682 1294 770 1324 sunt
795 1290 976 1334 separati,

267 1357 379 1391 quam
410 1347 511 1391 quod
542 1347 580 1382 in
610 1346 906 1382 Maximianistis
937 1358 976 1382 sc

267 1404 471 1439 damnasse
495 1404 759 1449 gloriabantur
785 1404 819 1438 11
844 1405 920 1449 149,
946 1406 976 1439 7.

268 1472 357 1505 pars
398 1461 538 1497 Donati
579 1462 765 1497 iustitiam
807 1473 913 1497 suam
955 1472 976 1496 a

267 1523 479 1554 ceterorum
531 1520 725 1554 hominum
774 1520 976 1565 iniquitate

268 1577 432 1611 secrevit
464 1577 498 1611 11
527 1578 606 1621 470,
638 1578 692 1612 25.
726 1577 907 1612 dixerunt
939 1577 976 1611 in

268 1645 312 1669 ca
352 1645 391 1669 sc
430 1645 513 1669 esse
552 1634 727 1679 ecclesia,
765 1646 862 1680 quae
902 1635 975 1669 iam

268 1702 343 1726 non
371 1692 508 1727 habeat
536 1692 723 1727 maculam
751 1697 816 1727 aut
844 1703 976 1737 rugam

268 1755 334 1783 aut
360 1749 503 1794 aliquid
530 1749 612 1785 eius
637 1750 739 1785 modi
765 1750 815 1784 IV
841 1750 897 1794 33,
922 1750 976 1784 26.

269 1806 370 1841 solos
413 1817 452 1842 se
493 1806 732 1842 Christianos
770 1817 853 1842 esse
895 1817 978 1851 per-

268 1863 450 1899 hibebant
483 1864 517 1898 II
549 1865 628 1908 471,
664 1865 719 1908 183
755 1865 800 1905 cs.
837 1865 913 1910 112,
945 1865 976 1899 9.

269 1921 557 1957 Donatistarum
606 1933 753 1957 vesana
800 1923 998 1974 superbia

270 1979 303 2013 11
335 1979 413 2023 244,
446 1980 504 2023 24,
539 1980 584 2020 cf.
615 1980 693 2024 463,
726 1980 780 2014 24.
811 1981 890 2025 464,
922 1978 998 2015 21st

268 2037 404 2080 605,1.
429 2047 559 2072 eorum
586 2037 713 2072 clerici
743 2038 976 2082 pavimenta,

268 2105 365 2138 quae
400 2094 578 2129 catholici
612 2095 846 2140 attigissent,
879 2106 979 2140 aqua

270 2152 372 2186 salsa
407 2153 593 2196 putabant
628 2152 797 2188 lavanda
831 2152 865 2186 11
900 2153 978 2196 628,

272 2210 323 2243 17.
349 2210 413 2244 sed
441 2214 569 2245 tamen
595 2209 734 2245 multos
759 2210 978 2254 sceleratos,

270 2267 332 2311 qui
362 2267 465 2310 apud
491 2278 556 2302 eos
581 2272 827 2312 emerserant,
854 2267 979 2309 Dona-

270 2324 384 2359 tistae
426 2324 690 2360 toleraverunt
730 2335 798 2369 per
839 2325 979 2360 multos

270 2391 403 2426 annOS,
441 2393 487 2417 ne
526 2387 674 2425 partem
712 2381 854 2417 Donati
892 2393 979 2418 con-

271 2438 491 2474 scinderent
518 2439 551 2473 II
579 2440 656 2484 151,
684 2440 741 2483 11,
769 2440 815 2481 cf.
844 2440 920 2486 106,
946 2440 978 2475 6.

270 2498 348 2541 400,
386 2499 554 2542 19..403,
591 2499 646 2533 20.
684 2499 881 2543 ecclesiae,
918 2499 979 2534 cui

269 2557 446 2592 catholici
480 2559 824 2603 communicabant,
855 2558 981 2594 Dona-

271 2616 383 2651 tistas
424 2627 500 2652 non
540 2618 821 2653 communicare
862 2619 980 2653 mani-

272 2674 409 2711 festum
446 2681 527 2711 erat
565 2676 617 2711 111
653 2677 732 2722 238,
770 2678 825 2720 153
862 2678 908 2719 ct.
944 2677 979 2711 ΙΙ

274 2734 349 2778 103,
379 2735 409 2770 7.
441 2736 516 2779 141,
545 2736 600 2770 24.
631 2737 707 2780 150,
734 2736 789 2771 23.
818 2737 897 2781 596,
924 2737 979 2771 23.

270 2793 420 2828 litteras
483 2796 844 2831 communicatorias
906 2797 979 2831 iam

1057 251 1147 286 olim
1181 252 1235 287 ab
1275 252 1422 288 unitate
1462 252 1653 288 catholica
1690 263 1766 288 non

1057 309 1300 353 accipiebant
1331 309 1366 344 II
1397 310 1452 354 85,
1483 310 1527 345 20
1557 315 1595 345 et
1625 311 1767 346 frustra

1058 367 1264 403 Fortunius
1286 367 1441 402 volebat
1460 368 1663 404 ostendere
1685 368 1767 404 Ser-

1057 424 1212 460 diccnse
1245 425 1449 460 concilium
1481 425 1530 460 ad
1564 426 1767 470 episcopos

1058 482 1183 527 Afros,
1227 483 1291 528 qui
1336 488 1446 517 erant
1489 483 1768 518 communionis

1058 539 1211 584 Donati,
1248 540 1402 575 dedisse
1436 540 1585 575 litteras
1621 540 1655 574 II
1692 541 1767 584 113,

1059 597 1231 642 21—114,
1257 598 1311 633 25.
1336 602 1440 633 totus
1465 598 1567 633 orbis
1594 608 1669 633 non
1696 597 1769 632 Do-

1059 655 1212 690 natistis
1259 655 1566 691 communicabat
1612 655 1647 690 II
1693 656 1769 699 101,

1059 712 1117 756 21,
1151 713 1196 754 cf.
1230 713 1281 747 IV
1311 714 1343 757 4,
1377 713 1429 748 16.
1462 712 1689 749 Donatistae
1722 713 1768 748 de

1060 770 1141 805 sola
1169 771 1435 806 communione
1465 770 1669 806 infeliciter
1696 770 1771 805 liti-

1059 828 1202 872 gabant
1228 833 1266 863 et
1293 834 1427 863 contra
1453 829 1639 864 unitatem
1666 828 1771 864 Chria

1061 886 1128 920 sti·
1152 886 1312 921 rebelles
1353 886 1575 921 inimicitias
1619 896 1770 921 exerce-

1060 943 1153 978 bant
1177 943 1228 978 IV
1257 944 1287 988 1,
1316 944 1369 978 15.

1106 1011 1161 1047 De
1193 1013 1383 1056 baptismo
1416 1012 1643 1048 Donatistae
1676 1012 1771 1048 sole-

1059 1070 1151 1105 bant
1196 1070 1324 1106 dicere
1370 1075 1460 1105 tunc
1506 1081 1590 1106 esse
1638 1081 1769 1106 verum

1060 1128 1292 1171 baptismum
1325 1128 1479 1173 Christi,
1512 1139 1595 1163 cum
1628 1130 1675 1164 ab
1709 1129 1771 1163 ho-

1060 1185 1160 1221 mine
1192 1186 1291 1221 iusto
1321 1186 1477 1221 daretur
1507 1186 1541 1220 11
1571 1187 1650 1231 422,
1683 1187 1771 1221 16-

1061 1243 1140 1288 423,
1166 1244 1218 1278 19.
1243 1244 1274 1278 si
1296 1244 1418 1278 bonus
1442 1248 1500 1278 est
1524 1244 1646 1289 homo,
1671 1244 1771 1278 dice-

1061 1302 1164 1347 bant,
1190 1302 1271 1346 ipse
1297 1301 1509 1336 sanctificat
1537 1312 1633 1346 eum,
1659 1312 1770 1347 quenl

1061 1359 1247 1403 baptizat3
1279 1360 1310 1394 si
1339 1363 1467 1394 autem
1496 1359 1617 1394 malus
1647 1365 1705 1395 est
1735 1364 1771 1395 et

1062 1417 1185 1452 nescit
1218 1417 1290 1461 ille,
1324 1418 1388 1462 qui
1420 1418 1649 1461 baptizatur,
1681 1422 1770 1452 tunc

1062 1475 1156 1509 deus
1183 1475 1398 1510 sanctificat
1425 1474 1458 1508 11
1483 1475 1563 1519 604,
1588 1476 1619 1510 3.
1644 1476 1772 1510 catho-

1062 1532 1155 1567 licos
1211 1532 1353 1567 Christi
1408 1533 1639 1576 baptismum
1695 1542 1771 1567 non

1063 1590 1201 1625 habere
1244 1597 1281 1625 et
1327 1595 1480 1634 praeter
1523 1601 1629 1625 suam
1674 1601 1772 1625 com-

1063 1648 1280 1683 munionem
1308 1659 1493 1693 nusquam
1522 1659 1605 1684 esse
1634 1648 1669 1682 II
1696 1649 1772 1691 147,

1062 1705 1098 1748 6,
1123 1706 1168 1746 cf.
1194 1705 1271 1750 223,
1298 1707 1328 1740 7.
1350 1706 1581 1750 baptismum
1607 1717 1646 1741 se
1670 1706 1772 1740 solos

1063 1762 1201 1798 habere
1231 1764 1516 1799 contendebant
1544 1763 1578 1797 11
1606 1764 1686 1809 328,
1714 1764 1771 1806 20,

1063 1831 1085 1854 a
1115 1831 1154 1856 se
1184 1821 1383 1856 iustificari
1412 1831 1510 1865 eum,
1542 1832 1653 1865 quern
1683 1822 1774 1864 bap-

1063 1878 1290 1914 tizavissent
1336 1878 1388 1913 IV
1435 1879 1490 1923 33,
1539 1879 1592 1923 10,
1650 1889 1772 1923 neque

1064 1935 1261 1971 iustificari
1294 1936 1367 1971 nisi
1399 1947 1476 1981 eos,
1504 1937 1568 1981 qui
1600 1937 1647 1972 ab
1679 1936 1773 1980 ipsis

1063 1994 1282 2037 potuissent
1314 1994 1503 2037 baptizari
1538 1994 1571 2028 lI
1606 1995 1683 2038 454,
1718 1993 1773 2028 22.

1063 2051 1227 2086 alienam
1258 2062 1396 2097 aquam
1427 2057 1464 2086 et
1497 2052 1663 2087 alienum
1693 2051 1774 2086 fon-

1063 2113 1151 2153 tem,
1186 2113 1228 2144 ut
1263 2109 1438 2145 solebant
1471 2109 1610 2153 dicere,
1645 2119 1773 2153 asper-

1064 2167 1255 2201 nabantur
1287 2167 1321 2200 11
1352 2167 1429 2211 612,
1463 2167 1521 2210 22,
1555 2167 1601 2207 cs.
1631 2167 1709 2211 617,
1742 2166 1773 2201 8.

1063 2224 1141 2268 630,
1179 2224 1211 2259 2.
1249 2224 1423 2269 quisquis
1461 2224 1509 2259 ad
1549 2223 1773 2259 Donatistas

1064 2281 1231 2317 fidelium
1281 2293 1303 2317 a
1352 2281 1551 2316 catholicis
1602 2286 1773 2323 venerat,

1064 2339 1332 2382 baptizabatur
1364 2339 1397 2373 II
1432 2340 1508 2385 119,
1538 2340 1592 2373 24.
1623 2340 1700 2382 150,
1732 2339 1774 2373 10

1064 2396 1169 2432 velut
1220 2397 1405 2431 diaconus
1457 2396 1773 2441 Mutugennensis

1064 2453 1079 2487 I
1110 2454 1164 2498 65,
1201 2455 1257 2497 10,
1291 2454 1398 2489 velut
1430 2454 1580 2489 iuvenis
1614 2454 1774 2488 scelera-

1065 2516 1137 2555 tus,
1163 2512 1227 2556 qui
1254 2517 1413 2547 matrem
1440 2511 1600 2547 caedere
1627 2511 1773 2546 solebat

1064 2568 1221 2613 eiusque
1256 2574 1416 2604 mortem
1449 2569 1706 2604 meditabatur
1740 2568 1774 2602 11

1065 2626 1120 2669 23,
1160 2627 1216 2667 17;
1254 2626 1361 2661 velut
1399 2626 1655 2661 subdiaconus
1695 2625 1774 2660 Pri-

1065 2694 1148 2718 mus
1180 2694 1202 2718 a
1234 2683 1418 2719 clericatu
1451 2689 1619 2719 remotus
1653 2683 1686 2717 ΙΙ
1718 2683 1773 2725 28,

1066 2741 1109 2774 16
1134 2746 1172 2776 et
1198 2751 1281 2776 curn
1309 2751 1353 2776 eo
1379 2741 1477 2776 duae
1504 2741 1772 2775 sanctimonia-

1065 2797 1119 2833 les
1147 2798 1204 2841 2l;
1232 2798 1338 2834 velut
1364 2798 1622 2833 subdiaconus
1646 2798 1773 2832 Rusti-

1506 2868 1566 2900 13*
