2078 3054
309 161 388 201 186

353 291 538 326 oriuntur.
578 291 787 326 condendis
825 291 981 326 adhibet
1018 288 1086 343 IV]

352 351 432 388 338,
472 350 526 385 13.
567 350 664 385 sicut
707 351 870 385 humana
910 360 1069 385 consue-

354 408 446 443 tudo
482 407 608 443 verbis
644 409 696 442 ita
730 408 861 443 divina
896 408 1086 453 potentia*

353 466 468 501 etiam
504 466 616 501 factis
650 466 819 511 loquitur
854 467 886 501 II
920 467 1000 510 573,
1036 468 1068 502 7.

353 524 447 559 deus
483 528 619 569 potens
654 528 711 559 est
747 529 784 560 et
818 526 922 560 vitae
957 526 1068 560 liuius

353 582 450 616 mala
487 583 550 617 vel
585 587 760 618 avertere
796 583 857 618 vel
893 583 1069 628 mitigare

352 640 415 675 vel
448 640 496 675 ad
531 651 577 675 ea
610 641 810 676 toleranda
845 642 1069 677 fortitudine

352 708 501 733 armare
538 698 600 733 vel
633 693 686 733 ‘ab
723 699 778 734 eis
816 700 917 734 omni
954 700 1068 735 modo

352 755 513 791 liberare
545 759 583 791 et
615 760 700 801 post
734 757 826 792 haec
860 768 951 793 vere
983 758 1069 793 bea-

352 816 429 848 tam
463 814 583 849 vitam
618 815 708 849 dare
743 815 795 849 111
830 817 908 859 434,
941 817 973 851 4.
1008 817 1069 852 dei

353 871 533 907 maiestas
571 883 684 917 supra
722 878 860 908 cuncta
898 874 1068 909 sublimis

351 929 401 964 ab
444 930 678 974 spiritalibus
724 931 886 977 cogitari
930 935 1069 977 potest,

352 999 372 1022 a
406 988 511 1023 nullo
545 994 672 1025 autem
709 995 835 1033 potest
871 991 980 1026 effari
1014 992 1066 1026 IV

352 1047 432 1091 564,
452 1047 510 1083 21;
534 1048 580 1088 cf.
602 1048 680 1092 565,
706 1048 757 1083 11.
780 1059 855 1084 non
878 1049 975 1085 mole
999 1050 1066 1085 sed

353 1105 495 1141 virtute
522 1116 683 1151 magnus
709 1110 766 1142 est
793 1107 886 1143 deus
912 1108 965 1142 III
991 1109 1069 1153 106,

352 1163 384 1197 7.
448 1163 560 1198 deum
624 1165 878 1209 pulcherrima
942 1167 1068 1212 specie

353 1221 464 1256 decet
502 1232 598 1265 esse,
636 1224 724 1267 quia
762 1224 854 1258 nihil
893 1228 953 1259 est
989 1225 1069 1270 pul-

352 1283 479 1317 chrius
532 1283 615 1328 ipsa
665 1283 903 1329 intellegibili
954 1287 1069 1329 atque

353 1341 656 1377 incommutabili
700 1343 865 1379 veritate
909 1343 944 1378 II
988 1343 1066 1387 686,

352 1400 406 1435 26.
458 1400 504 1435 de
557 1401 842 1444 pulchritudine
897 1402 1066 1437 iustitiae

353 1458 414 1493 dei
482 1458 516 1492 ΙΙ
583 1460 661 1501 721,
728 1460 780 1494 19.

352 1527 499 1561 gamuS,
543 1519 645 1562 quod
688 1518 893 1563 praecipue
936 1519 1068 1563 diliga-

352 1585 447 1618 mus,
486 1575 559 1610 nisi
599 1587 673 1620 quo
714 1576 806 1611 nihil
844 1577 978 1612 melius
1017 1577 1069 1611 in-

352 1633 552 1668 venimus?
594 1635 665 1670 hoc
708 1635 802 1670 deus
845 1640 916 1671 est:
960 1639 1069 1670 tanto

353 1692 453 1727 enim
491 1692 601 1728 nobis
642 1693 776 1728 melius
816 1698 885 1738 est,
925 1698 1069 1739 quanto

352 1750 474 1794 magis
509 1750 547 1785 in
582 1751 685 1786 illum
723 1752 831 1791 imus,
867 1763 942 1797 quo
977 1753 1069 1788 nihil

353 1808 487 1843 melius
517 1813 575 1844 est
604 1809 658 1844 III
686 1810 764 1853 443,
796 1812 849 1845 10.
880 1811 1002 1846 iustus
1033 1815 1070 1847 et

354 1868 566 1905 iustificans
596 1881 673 1905 non
703 1875 763 1906 est
790 1871 863 1907 nisi
893 1872 987 1908 deus
1019 1872 1071 1907 lv

351 1929 408 1964 33
443 1929 500 1972 183
536 1930 581 1971 cs.
614 1931 671 1968 35.
705 1932 759 1966 18.
795 1920 895 1967 inest
927 1933 999 1968 deo
1033 1937 1070 1968 et

352 1990 619 2025 misericordia
663 1991 850 2026 iudicanti
893 1997 930 2027 et
973 1992 1068 2027 iudi-

354 2050 453 2085 cium
487 2051 682 2086 miseranti
716 2052 768 2086 III
799 2052 879 2097 607,
912 2053 943 2087 7.
976 2053 1070 2088 deus

354 2111 439 2145 ideo
486 2122 630 2147 summe
676 2112 823 2147 stabilis
868 2116 937 2158 est,
982 2113 1072 2159 quia

353 2171 459 2206 nulla
502 2172 760 2207 mutabilitate
806 2172 956 2216 proficit
1002 2183 1068 2207 seu

354 2231 483 2267 deficit
509 2232 543 2266 II
568 2233 648 2276 680,
677 2233 707 2267 1.
734 2243 811 2268 non
838 2233 922 2268 ideo
950 2236 1070 2267 muta-

355 2291 439 2327 bilis
491 2296 549 2328 est
602 2294 707 2328 deus.
760 2293 849 2338 quia
900 2293 1070 2328 universi

355 2353 497 2388 saeculi
549 2353 673 2397 priore
724 2352 918 2387 volumine
967 2351 1071 2387 aliud

355 2413 458 2448 aliud
481 2413 693 2458 posteriore
715 2411 786 2448 sibi
808 2412 919 2448 iussit
942 2411 1070 2449 offerri

355 2473 407 2507 III
442 2474 519 2516 131,
554 2474 611 2508 13:
646 2474 691 2514 cf.
725 2474 781 2517 94,
814 2473 869 2508 21.
906 2474 983 2518 130,
1016 2474 1070 2508 15.

355 2534 522 2569 ostendit
567 2533 661 2567 deus
706 2533 798 2567 iram
844 2543 950 2567 suam
995 2542 1069 2566 non

356 2594 486 2638 utique
552 2593 667 2628 animi
734 2592 1071 2638 perturbationem,

357 2654 453 2688 sicut
514 2658 583 2690 est.
640 2664 737 2698 quae
797 2654 851 2688 ira
910 2653 1071 2688 hominis

356 2720 612 2758 nunmipatur,
654 2714 717 2748 sed
759 2713 897 2747 iustam
938 2712 1069 2746 fixam-

356 2786 428 2819 que
458 2774 667 2808 vindictam
698 2773 747 2807 IV
777 2773 853 2816 145,
880 2773 916 2815 3:
945 2773 990 2814 cf.
1020 2771 1069 2806 111

358 2836 436 2879 733,
489 2837 522 2869 9.
577 2834 752 2879 quamvis
806 2833 900 2869 deus
954 2832 1071 2868 faciat

844 1460 935 1506 quid
1002 1461 1067 1495 eli·
1084 1462 1087 1501 Ξ

985 177 1123 211 ludex
1155 176 1186 209 V

1152 303 1247 327 vasa
1297 293 1373 328 irae
1424 294 1461 328 111
1512 295 1775 339 perditionem.
1827 301 1865 331 ut

1151 351 1331 386 ostendat
1388 352 1480 387 iram
1538 356 1576 388 et
1631 354 1867 389 demonstret

1152 409 1362 453 potentiam
1401 420 1520 454 suam,
1557 414 1686 447 tamen
1723 412 1761 447 in
1797 413 1866 448 eis-

1152 466 1237 501 dem
1264 466 1341 502 irae
1367 468 1472 503 vasis
1498 468 1739 515 iniquitatem
1765 471 1867 505 dam-

1153 535 1244 561 nare
1282 526 1389 560 novit
1428 526 1521 571 ipsc,
1560 538 1636 562 non
1663 528 1788 564 faeere
1814 529 1865 563 IV

1153 583 1230 627 199,
1266 583 1414 619 11-20.
1449 595 1524 629 quo
1559 586 1672 621 modo
1707 597 1784 622 non
1819 588 1867 622 sit

1153 641 1333 686 iniquitas
1383 642 1484 686 apud
1533 643 1658 688 deum,
1708 645 1739 680 si
1787 645 1868 680 dili-

1151 700 1276 744 gendo
1332 700 1526 739 discernit.
1583 712 1679 746 quos
1734 704 1868 738 merita

1152 768 1308 803 operum
1341 758 1443 793 nulla
1476 759 1700 795 discernunt
1731 761 1782 795 IV
1812 762 1868 805 58,

1152 816 1279 860 5—64,
1304 817 1336 851 4.

1199 885 1255 921 De
1283 886 1451 921 videndo
1479 887 1551 922 deo
1581 887 1675 923 liber
1702 899 1760 934 ep.
1791 889 1868 924 147.

1152 944 1280 979 varias
1327 944 1374 979 de
1422 944 1589 980 videndo
1636 946 1708 982 deo
1756 957 1868 991 quae-

1153 1002 1297 1037 stiones
1345 1002 1513 1038 breviter
1560 1004 1695 1039 recolit
1740 1005 1785 1040 A.
1832 1009 1869 1040 et

1153 1060 1285 1104 paucis
1311 1061 1359 1096 ad
1386 1061 1557 1106 singulas
1584 1063 1792 1107 respondet
1817 1064 1867 1098 111

1151 1118 1231 1162 310,
1278 1119 1428 1163 4-312,
1478 1120 1510 1154 2.
1559 1120 1762 1156 invisibilis
1811 1127 1869 1158 est

1152 1179 1290 1212 natura
1327 1177 1422 1213 deus
1459 1189 1535 1213 non
1574 1182 1722 1215 tantum
1761 1184 1869 1226 pater

1153 1235 1220 1270 sed
1252 1238 1290 1270 et
1323 1235 1406 1280 ipsa
1437 1236 1602 1281 trinitas,
1633 1248 1731 1273 unus
1763 1239 1869 1274 deus.

1152 1297 1189 1328 et
1218 1303 1295 1328 non
1320 1297 1470 1329 tantum
1499 1294 1715 1331 invisibilis·
1733 1308 1864 1332 verum

1154 1351 1267 1386 etia-m
1317 1352 1639 1389 incommutabilis
1689 1354 1742 1389 ΙΙΙ
1791 1356 1870 1395 293,

1154 1410 1207 1445 13.
1243 1410 1328 1446 ideo
1365 1411 1477 1446 deum
1512 1422 1623 1447 nemo
1659 1412 1758 1448 vidit
1792 1424 1869 1449 um-

1153 1478 1278 1513 quam,
1317 1469 1408 1514 quia
1447 1480 1542 1514 eam,
1582 1481 1680 1515 quae
1719 1471 1758 1506 in
1797 1472 1868 1507 deo

1152 1525 1311 1570 habitat,
1346 1527 1622 1572 plenitudinem
1655 1530 1870 1565 divinitatis

1153 1595 1263 1619 nemo
1316 1586 1528 1630 conspexit,
1579 1597 1691 1622 nemo
1743 1592 1869 1624 mente

1152 1646 1219 1677 aut
1246 1643 1367 1678 oculis
1395 1645 1683 1689 comprehendit
1710 1646 1763 1681 111
1790 1647 1869 1691 290,

1154 1701 1196 1736 15
1248 1701 1426 1746 (Ambr.).
1479 1703 1541 1738 dei
1594 1704 1868 1748 plenitudinem

1154 1760 1255 1795 haud
1279 1761 1481 1806 quisquam
1503 1772 1580 1797 non
1604 1763 1726 1798 solum
1748 1764 1870 1799 oeulis

1154 1819 1325 1863 corporis
1354 1820 1421 1855 sed
1448 1821 1511 1856 vel
1538 1821 1622 1866 ipsa
1649 1825 1775 1858 mente
1804 1823 1869 1858 ali-

1154 1877 1306 1921 quando
1356 1880 1645 1923 comprehendit
1691 1881 1745 1915 lII
1791 1882 1870 1918 294.

1154 1935 1209 1969 21.
1246 1935 1378 1972 videre
1414 1937 1538 1977 deum,
1576 1939 1689 1974 sicuti
1726 1943 1796 1984 est,
1833 1941 1869 1975 111

1155 1999 1291 2031 natura
1326 2007 1394 2032 sua
1428 1997 1562 2032 oculus
1596 1998 1759 2034 hominis
1794 2009 1870 2034 non

1154 2057 1293 2098 potest,
1317 2055 1410 2090 dicit
1434 2055 1690 2100 Hieronymus
1715 2056 1767 2091 III
1790 2058 1869 2094 337.

1156 2112 1195 2146 11
1232 2113 1294 2156 (cs.
1329 2114 1409 2158 339,
1446 2113 1503 2158 11)
1540 2114 1714 2159 idemque
1751 2116 1870 2150 sensit

1154 2172 1269 2208 etia-m
1293 2173 1340 2208 de
1364 2173 1492 2208 futuro
1518 2177 1688 2218 tempore
1710 2174 1791 2218 337,
1814 2175 1868 2209 16.

1155 2234 1357 2276 propterea
1397 2232 1491 2266 deus
1534 2232 1736 2267 invisibilis
1778 2233 1869 2267 dici-

1154 2293 1225 2334 tur,
1254 2301 1299 2325 ne
1328 2300 1467 2334 cor-pus
1494 2301 1578 2326 esse
1607 2291 1787 2326 credatur
1813 2291 1865 2326 III

1156 2350 1236 2394 323,
1280 2351 1334 2385 10.
1378 2351 1438 2386 dei
1482 2355 1620 2386 natura
1662 2362 1866 2396 numquam

1154 2411 1307 2447 videtur
1330 2412 1367 2446 in
1390 2412 1473 2447 loco
1497 2412 1549 2446 III
1572 2412 1651 2456 324,
1676 2412 1730 2447 11.
1754 2412 1867 2447 8113111

1154 2471 1201 2506 de
1228 2471 1319 2516 ipsis
1345 2472 1574 2508 caelestibus
1600 2472 1807 2508 virtutibus
1832 2476 1869 2508 et

1154 2531 1410 2576 potestatibus
1737 2531 1869 2566 ‘Deum

1153 2602 1263 2627 nemo
1297 2592 1393 2627 vidit
1428 2597 1618 2636 umquam*
1652 2592 1704 2626 III
1737 2592 1816 2629 ⁶290.
1849 2593 1868 2625 4

1154 2652 1335 2696 (Ambr.);
1372 2653 1474 2697 quod
1510 2663 1585 2697 quo
1622 2652 1735 2687 modo
1772 2652 1869 2687 acci-

1156 2712 1334 2757 piendum
1363 2712 1410 2746 sit
1437 2711 1516 2755 295,
1543 2712 1597 2746 13.
1624 2711 1705 2754 303,
1731 2711 1763 2745 5.
1790 2710 1868 2753 311,

1155 2774 1186 2808 7.
1217 2783 1291 2817 quo
1323 2773 1435 2807 modo
1467 2771 1592 2817 angeli
1623 2772 1735 2806 deum
1767 2771 1869 2805 vide-

1155 2837 1232 2877 ant,
1269 2832 1404 2879 quibus
1441 2833 1580 2869 erimus
1616 2832 1796 2878 aequales
1833 2831 1869 2865 in

1484 2531 1660 2576 legimus:
