2078 3054
285 159 366 202 132

325 288 406 333 386,
427 289 462 331 ὃς
486 288 532 329 cf.
555 288 634 332 391,
657 288 688 322 3.
711 287 759 322 ad
782 297 859 322 non
881 296 1060 331 peccam}

326 347 416 381 dum
439 346 615 391 quamvis
639 356 723 381 esse
747 356 824 381 non
846 345 1060 381 dubitetur}

325 405 522 440 arbitrium
551 404 775 448 voluntatis,
804 408 933 439 tamen
961 404 1042 439 eius

325 467 498 508 potestas
533 473 610 498 non
643 463 797 500 sufficit.
830 462 903 497 nisi
937 462 1042 496 adiu-

324 525 438 556 vetur
475 520 675 556 infirmitas
714 520 766 555 III
803 521 882 564 673,
919 521 955 564 93
994 521 1040 561 cf.

324 579 404 625 451,
432 580 465 615 8.
495 580 550 614 19.
578 580 657 622 452,
687 579 740 614 12,
769 576 848 623 453,
878 579 933 614 25.
962 579 1042 623 693,

325 638 356 672 1.
409 638 462 673 14.
513 642 573 673 est
622 637 781 672 liberum
831 637 1041 682 arbitrium,

324 696 440 731 etiarn
465 696 496 731 si
521 696 653 731 divino
678 696 824 741 indiget
849 696 1041 732 adiutorio

324 754 376 789 IV
421 755 477 799 73,
525 756 558 790 7.
604 765 681 790 non
726 755 939 798 voluntatis
985 766 1042 790 ar-

323 812 478 848 bitrium
509 813 596 849 ideo
626 813 784 858 tollitur,
816 813 905 859 quia
936 814 1042 848 iuva-

323 875 397 916 tur,
429 872 497 907 sed
527 871 614 907 ideo
646 872 812 917 iuvatur,
844 872 934 917 quia
965 882 1041 907 non

323 929 471 965 tollitur
502 930 557 966 III
589 931 668 975 455,
701 931 756 965 22.
789 941 866 966 non
897 934 1042 976 negant

322 988 483 1024 liberum
506 988 719 1024 voluntatis
743 988 953 1033 arbitrium,
977 989 1041 1034 qui

325 1046 556 1083 confitentur
620 1037 771 1083 omnem
837 1047 1041 1092 hominem,

324 1105 514 1151 quisquis·
547 1116 616 1141 suo
667 1107 781 1142 corde
832 1106 954 1142 credit
1003 1106 1041 1141 in

322 1164 446 1209 deum,
466 1175 543 1200 non
563 1164 637 1200 nisi
658 1175 728 1200 sua
746 1163 866 1200 libera
886 1161 1041 1201 eredere

324 1217 525 1259 ⁷voluntate
554 1223 606 1258 IV
635 1224 715 1268 419,
741 1223 797 1259 25.

371 1295 457 1332 Non
496 1295 550 1331 ita
589 1298 794 1340 praeparat
832 1297 949 1339 atque
987 1293 1042 1328 ita

323 1358 505 1400 operatur
538 1354 633 1390 deus
667 1353 831 1389 hominis
864 1352 1053 1388 volunta··

319 1417 408 1459 tem,
427 1417 470 1448 ut
489 1412 772 1448 tantummodo
789 1411 913 1457 legem
932 1421 1041 1447 suam

322 1476 439 1517 atque
468 1471 692 1507 doetrinam-
713 1470 831 1506 libero
863 1469 945 1506 eius
977 1468 1042 1504 ad-

323 1529 454 1565 hibeat
478 1529 649 1574 arbitrio,
677 1528 745 1565 sed
771 1529 825 1564 sie
852 1528 933 1564 eius
960 1527 1041 1573 agit

324 1599 489 1634 sensum,
538 1591 581 1624 ut
629 1587 753 1624 eidem
801 1587 877 1632 legi
925 1589 1041 1631 atque

321 1647 520 1683 doctrinae
543 1646 810 1682 accommodet
834 1645 1041 1681 adsensum

324 1706 376 1741 lV
400 1706 480 1750 406,
506 1706 562 1741 21.
588 1705 719 1741 fideles
745 1715 822 1740 non
846 1704 943 1739 fiunt
967 1702 1042 1739 nisi

323 1764 443 1814 libero
487 1763 644 1799 arbitrio
687 1767 726 1799 et
768 1767 897 1814 tamen
938 1761 1039 1796 illius

322 1823 448 1868 gratia
474 1822 607 1858 fideles
634 1822 741 1866 fiunt,
769 1821 834 1866 qui
861 1830 992 1856 eorum
1018 1831 1041 1855 a

322 1884 515 1926 potestate
568 1880 811 1916 tenebrarum
862 1878 1042 1914 liberavit

323 1938 521 1975 arbitrium
551 1939 605 1974 IV
634 1939 713 1983 409,
745 1939 800 1973 17.
830 1937 896 1983 qui
925 1937 1040 1973 corde

323 1998 477 2043 proprio
500 1998 662 2033 credunt
683 1998 721 2032 in
742 1997 949 2040 dominum,
971 2006 1041 2031 sua

324 2056 361 2091 id
404 2055 552 2091 faciunt
590 2055 792 2090 voluntate
834 2064 880 2089 ac
920 2053 1039 2089 libero

323 2114 480 2149 arbitrio
520 2114 572 2148 IV
611 2114 690 2157 416,
729 2114 765 2156 4;
804 2113 850 2154 cf.
889 2112 969 2156 420,
1010 2112 1039 2146 1.

323 2172 417 2208 fides
446 2182 524 2208 non
554 2173 719 2207 humano
750 2171 953 2206 tribuenda
982 2172 1041 2205 est

322 2230 480 2266 arbitrio
509 2241 579 2267 nee
606 2230 693 2265 ullis
721 2227 1044 2275 praecedentibus

323 2289 468 2324 meritis
501 2288 554 2324 IV
587 2289 665 2333 183,
699 2288 756 2332 113
791 2288 838 2330 cf.
872 2288 951 2331 183,
983 2287 1040 2322 20.

324 2347 401 2390 187,
451 2348 504 2382 13.
552 2357 630 2382 non
676 2350 804 2391 potest
851 2345 1040 2389 sufficere,

323 2405 427 2450 quod
479 2404 638 2440 liberum
691 2404 901 2448 arbitrium,
954 2414 1040 2439 eum

323 2475 579 2509 nasceremur,
617 2465 834 2509 accepimus
872 2464 925 2498 III
961 2464 1041 2508 707,

956 169 1096 208 iudex
1124 169 1169 208 V.

1124 287 1260 322 stituta
1293 288 1370 323 sint
1400 291 1645 333 peecatorum
1678 287 1731 324 IV
1760 289 1839 326 319.

1125 346 1181 380 20.
1218 346 1281 391 qui
1318 350 1440 391 putat,
1475 347 1628 392 quando
1663 348 1711 382 ad
1748 348 1841 382 iudi-

1126 403 1225 438 cium
1263 405 1440 439 dominus
1477 405 1638 448 venerit,
1675 416 1751 440 non
1788 406 1841 440 iu-

1123 461 1244 496 dicari
1271 462 1461 497 hominem
1489 463 1697 497 seeundum
1725 473 1841 508 opera

1125 529 1206 562 sua,
1248 520 1311 565 qui
1354 521 1428 555 iam
1469 531 1536 565 per
1576 524 1742 556 aetatem
1784 522 1839 556 uti

1123 578 1249 622 potuit
1278 577 1397 614 libero
1428 579 1641 615 voluntatis
1672 579 1841 623 arbitrio,

1123 636 1162 670 in
1191 646 1318 671 errore
1346 641 1405 672 est
1433 637 1485 672 IV
1511 638 1593 681 388,
1621 639 1653 672 4.
1681 638 1839 673 liberum

1124 693 1321 729 arbitrium
1362 695 1411 730 ad
1451 695 1686 741 diligendum
1727 697 1838 732 deum

1123 752 1234 796 primi
1288 753 1438 798 peccati
1487 754 1707 799 granditate
1759 765 1840 800 per-

1123 810 1288 847 didimus
1318 811 1370 846 IV
1398 811 1477 857 412,
1507 813 1563 848 10.
1592 823 1669 848 non
1697 814 1840 848 mathe-

1123 869 1284 905 maticos
1332 870 1441 915 sequi
1485 870 1680 916 debemus,
1724 882 1770 907 ne
1818 883 1841 907 a

1122 926 1240 963 libero
1285 927 1442 963 arbitrio
1488 929 1761 975 naufragemus
1806 930 1839 964 11

1123 985 1201 1030 183,
1234 986 1267 1021 9.

1073 1053 1199 1078 arca
1242 1043 1518 1090 praefiguravit
1562 1046 1763 1081 ecclesiam
1805 1046 1854 1081 ΙΙ-

1122 1101 1202 1146 633,
1227 1102 1282 1137 24.

1075 1164 1109 1198 A
1124 1175 1140 1199 r
1155 1175 1173 1200 c
1190 1175 1209 1200 e
1226 1176 1242 1200 s
1258 1165 1294 1200 il
1310 1176 1352 1202 as
1374 1166 1517 1211 primus
1539 1168 1735 1204 occultata
1757 1179 1839 1206 sen-

1122 1224 1243 1259 tentia
1275 1235 1345 1259 sua
1377 1224 1527 1261 Stoicos
1560 1230 1598 1262 et
1630 1227 1839 1272 Epicureos

1122 1281 1294 1317 refellere
1329 1283 1479 1327 statuit,
1514 1285 1702 1320 suecessit
1733 1286 1839 1322 Pole-

1122 1339 1225 1374 moni
1253 1340 1287 1374 ΙΙ
1314 1341 1393 1386 681,
1422 1342 1455 1376 6.

1073 1407 1096 1431 a
1111 1408 1127 1431 r
1143 1408 1162 1432 c
1178 1398 1266 1433 hiv
1281 1410 1304 1434 a
1335 1398 1489 1444 publica
1522 1403 1753 1447 perscrutari
1786 1403 1838 1438 III

1120 1457 1177 1500 37,
1212 1457 1242 1491 1.

1075 1519 1105 1553 A
1122 1530 1139 1553 r
1154 1530 1174 1555 e
1189 1520 1200 1554 l
1215 1530 1238 1555 a
1252 1524 1267 1555 t
1281 1532 1301 1557 e
1315 1531 1340 1555 n
1355 1531 1371 1556 s
1387 1522 1398 1556 i
1413 1533 1430 1557 s
1492 1522 1640 1560 Galliae
1700 1525 1838 1561 civitas

1123 1578 1157 1612 II
1188 1579 1267 1624 409,
1302 1580 1333 1615 7.
1366 1580 1603 1618 Arelatensis
1635 1584 1839 1629 episcopus

1123 1637 1175 1671 IV
1206 1638 1284 1682 467,
1318 1639 1371 1673 14.
1402 1640 1627 1677 Arelatense
1658 1642 1839 1677 iudicium

1123 1695 1157 1729 II
1184 1695 1262 1740 101,
1289 1696 1345 1731 29.

1075 1758 1104 1792 A
1123 1770 1140 1793 r
1154 1759 1237 1794 ela
1252 1764 1267 1794 t
1281 1771 1305 1795 u
1320 1771 1374 1805 m,
1422 1761 1569 1798 Galliae
1618 1763 1757 1799 civitas
1805 1764 1839 1799 II

1121 1817 1201 1862 601,
1233 1818 1288 1853 12.
1320 1820 1425 1864 apud
1454 1820 1652 1856 Arelatum
1683 1832 1838 1858 eausam

1120 1875 1329 1912 Caeciliani
1364 1878 1586 1924 diligentius
1621 1881 1840 1916 examinan-

1120 1933 1208 1969 dam
1270 1935 1625 1982 terminandamque
1689 1939 1838 1974 curavit

1122 1991 1399 2029 Constant-inus
1437 1994 1472 2029 II
1508 1996 1565 2039 88,
1603 1997 1636 2039 13
1674 1998 1720 2038 cf.
1761 1998 1837 2041 156,

1121 2050 1153 2085 6.
1180 2051 1261 2094 327,
1289 2052 1342 2086 15.
1370 2052 1448 2097 421,
1473 2053 1506 2088 9.
1533 2054 1614 2098 601,
1642 2054 1696 2089 12.

1078 2114 1110 2148 A
1127 2125 1144 2149 r
1158 2124 1184 2159 g
1198 2125 1217 2150 e
1233 2126 1256 2149 n
1272 2115 1351 2150 tiu
1367 2127 1400 2160 s,
1469 2117 1669 2162 presbyter
1734 2118 1835 2163 apud

1121 2173 1265 2209 Asnam
1294 2174 1310 2209 Ι
1339 2175 1418 2219 122,
1448 2176 1502 2211 19.

1074 2231 1106 2265 A
1123 2242 1139 2265 r
1152 2242 1178 2277 g
1191 2243 1217 2276 y
1231 2243 1248 2266 r
1263 2232 1273 2267 i
1289 2243 1311 2267 u
1328 2244 1345 2268 s
1371 2234 1408 2268 in
1435 2233 1745 2270 Priscillianistas
1772 2239 1838 2270 aut

1122 2290 1297 2325 nesciens
1332 2291 1495 2327 inruisse
1530 2296 1598 2327 aut
1632 2292 1706 2327 iam
1741 2293 1838 2328 eius-

1120 2346 1207 2382 dem
1241 2348 1410 2384 haeresis
1443 2349 1587 2385 retibus
1621 2350 1838 2395 implicatus

1122 2415 1206 2441 esse
1259 2405 1478 2452 Augustino
1531 2408 1735 2443 videbatur
1786 2408 1838 2443 IV

1121 2463 1202 2508 526,
1226 2465 1259 2499 4.

324 2527 368 2560 10
415 2526 595 2570 (Imma).
643 2525 889 2561 oboedientia
936 2524 1042 2559 nulla
1075 2525 1389 2570 Arimphaei
1423 2525 1438 2560 I
1469 2526 1527 2569 93,
1558 2525 1613 2560 21.

323 2589 452 2631 potest
489 2596 573 2622 esse
609 2586 690 2622 sine
726 2586 846 2622 libero
883 2585 1041 2621 arbitrio
1074 2589 1368 2625 Aristoteleo
1410 2600 1515 2625 more
1558 2589 1838 2635 philosophiam

326 2647 378 2682 IV
418 2647 498 2691 386,
542 2647 597 2682 17.
640 2647 800 2682 liberum
841 2645 1040 2681 arbitrium

324 2708 379 2744 sic
413 2708 556 2743 homini
589 2708 733 2751 datum,
766 2710 809 2742 ut
841 2711 970 2742 tamen
1003 2709 1042 2742 et

1123 2652 1317 2693 tamquam
1354 2648 1580 2684 esotericam
1618 2649 1749 2684 fovere
1787 2649 1837 2683 lll

1122 2706 1178 2750 90,
1205 2706 1259 2741 15.
1643 2707 1649 2711 “

323 2768 464 2803 divinis
485 2768 633 2813 legibus
654 2772 692 2803 et
712 2768 888 2803 humanis
912 2768 1041 2803 rectis·
1075 2769 1190 2804 Arm
1207 2780 1226 2805 e
1241 2770 1326 2805 nia
1342 2780 1365 2803 n
1381 2781 1400 2805 e
1416 2781 1438 2805 n
1455 2770 1530 2805 sis
1594 2769 1735 2805 fundus
1800 2769 1836 2804 in

324 2829 417 2862 sime
473 2829 648 2873 gravium
708 2829 895 2873 supplicia
952 2839 1040 2863 eon—

1121 2838 1256 2872 vamp⁰
1283 2828 1450 2863 Bullensi
1478 2829 1511 2863 ΙΙ
1536 2828 1614 2874 233,
1642 2829 1695 2863 15.
