2078 3054
353 173 438 214 394

397 310 474 334 rem
510 299 730 344 pactimonii
767 302 803 333 et
838 298 1112 334 continentiam

396 357 430 391 II
459 356 539 400 224,
570 357 624 391 15.

351 424 473 458 paene
496 423 581 448 cum
603 415 717 449 conl:
741 414 845 448 illum
869 423 991 457 paene
1015 413 1112 448 occi-

1014 186 1155 221 Index
1182 187 1246 221 VI.

1194 298 1304 333 vobis
1328 310 1351 334 a
1373 298 1501 334 verbis
1525 299 1741 335 durioribus
1764 301 1908 345 parcite

1194 355 1246 389 IV
1283 356 1363 399 369,
1402 357 1434 390 7.
1472 377 1519 381 —
1557 367 1672 401 parco
1711 357 1837 393 dicer'e
1875 357 1908 392 Il

1195 413 1274 457 106,
1298 413 1330 447 9.
1353 413 1433 457 639,
1456 414 1489 448 7.

396 471 554 515 dissent.
578 471 650 506 nisi
673 470 734 506 dei
758 481 892 506 manus
916 498 923 505 .
948 498 955 505 .
980 497 987 505 .
1011 480 1111 506 com·
1147 479 1324 521 parentes
1341 491 1382 505 z
1398 479 1542 521 patres:
1600 477 1817 521 (Cerinthus
1873 481 1910 514 et

395 529 600 573 pressisset
630 528 664 563 II
695 529 774 573 597,
807 529 862 564 10.

348 586 557 631 paenitudo
582 586 598 621 Ι
622 587 679 630 37,
706 587 727 621 4
751 586 870 631 (Max.
897 586 982 632 9r.).

347 654 536 689 paganus:
567 643 739 680 infideles
768 644 831 679 vel
858 644 1021 690 gentiles
1049 643 1112 680 vel

1194 533 1359 579 Hebion)
1407 545 1430 569 a
1475 536 1700 579 parentibus
1745 538 1799 579 (v.
1832 538 1854 572 l.
1888 547 1911 572 a

1194 591 1381 636 patribus)
1411 592 1725 630 anathematizati
1757 598 1846 629 sunt
1876 594 1908 629 II

1193 650 1273 693 303,
1300 649 1321 685 9
1347 648 1498 694 (Hier.).

384 702 469 738 'iam
500 701 618 748 vulgo
650 702 794 737 usitatO
826 701 1015 738 VOCabUIO
1048 713 1112 747 pa·
1147 712 1319 758 parilitas
1351 716 1598 758 peccat-orum
1628 714 1663 749 II
1692 716 1772 760 593,
1804 716 1835 751 1.

392 770 515 805 ganos
541 760 734 806 appellare
761 760 1032 796 consuevimus
1059 760 1111 795 III
1148 777 1329 820 paroecia
1353 777 1369 812 Ι
1394 778 1450 823 77,
1475 777 1519 812 20

393 819 473 862 734,
506 818 561 854 27.
594 828 768 863 paganus
801 818 914 854 homo
947 818 999 853 IV
1031 818 1111 862 519,

393 876 415 911 9
447 876 616 923 (Lony.),
649 875 825 912 inimicus
857 876 892 911 II
922 876 978 921 91,
1009 877 1041 911 4.
1073 879 1112 912 et

395 934 528 984 Iudaei
561 939 598 970 et
632 934 776 980 pagani
809 934 843 969 II
875 935 954 979 471,
989 935 1031 969 17
1063 935 1110 970 al.

393 1002 476 1027 svm.

347 1050 502 1095 pagina:
525 1054 744 1086 sanctarum
766 1050 987 1086 testimonia.
1006 1048 1111 1096 pagi-

394 1118 528 1143 narum
552 1108 605 1143 IV
629 1109 706 1153 168,
730 1109 763 1144 9.

347 1176 468 1211 papae
496 1167 745 1212 appellantur
770 1167 974 1212 pontifices
1001 1161 1111 1201 Inno-

395 1225 543 1260 centius
567 1224 620 1259 III
641 1224 720 1268 652,
741 1226 774 1260 3.
797 1224 877 1269 662,
899 1225 954 1259 14.
975 1224 1056 1268 663,
1076 1225 1109 1260 3.

393 1282 472 1326 668,
502 1282 556 1317 14.
585 1282 637 1317 IV
666 1283 745 1326 157,
774 1283 828 1326 16,
858 1282 1030 1318 Zosimus
1058 1281 1111 1317 IV

394 1340 472 1384 157,
510 1340 564 1384 17,
601 1339 816 1375 Bonifatius
853 1340 905 1375 IV
938 1341 1019 1384 350,
1056 1340 1110 1385 16,

393 1397 633 1434 Caelestinus
670 1398 722 1433 IV
756 1399 836 1443 347,
874 1399 926 1433 14.
961 1399 1042 1443 350,
1076 1399 1109 1434 9.

392 1460 595 1500 praeterea
627 1456 866 1502 Augustinus
897 1458 1042 1502 septies
1072 1458 1110 1492 in

392 1524 470 1549 una
505 1514 701 1549 Valentini
732 1515 899 1560 epistula
932 1514 999 1559 (IV
1030 1515 1110 1559 396,

393 1572 425 1607 9.
451 1572 533 1616 397,
561 1572 615 1608 13.
643 1573 697 1607 15.
723 1573 803 1617 399,
830 1573 862 1608 7.
889 1572 943 1607 12.
969 1573 1050 1616 400,
1077 1575 1109 1607 4.

393 1629 472 1674 402,
511 1629 557 1674 2).
597 1630 631 1665 ΙΙ
669 1630 749 1675 698,
789 1630 830 1665 11
871 1633 910 1666 et
948 1631 1027 1675 704,
1068 1630 1110 1665 14

392 1687 554 1732 (Com).
594 1698 697 1733 papa
733 1687 964 1733 beatissime,
1002 1691 1111 1734 pater

392 1745 534 1790 optime
588 1746 640 1781 IV
693 1746 771 1791 465,
826 1747 868 1782 18
921 1749 959 1782 et
1011 1756 1111 1792 papa

392 1803 612 1839 beatissime
649 1831 656 1838 .
692 1831 700 1839 .
737 1832 745 1839 .
781 1804 1110 1849 praestantissime

393 1865 553 1906 patrone
581 1862 659 1906 468,
686 1863 707 1898 8
735 1863 918 1908 (Prosp.).

346 1929 428 1964 par:
476 1919 524 1954 ad
572 1920 842 1955 auctoritatem
889 1921 981 1955 talia
1028 1931 1110 1956 sen-

394 1977 569 2013 tientium
612 1988 689 2013 non
732 1988 861 2013 sumus
904 1988 1014 2023 pares
1057 1978 1106 2013 IV

392 2035 472 2079 465,
501 2036 518 2070 1
547 2036 730 2080 (Prosp.).

348 2094 533 2136 parabola
575 2094 627 2128 lV
668 2094 746 2138 281,
789 2094 867 2129 *16,
911 2095 989 2139 282,
1032 2095 1109 2130 *16

394 2151 585 2196 evangelii
638 2150 822 2196 parabola
872 2152 907 2187 11
959 2152 1038 2197 725,
1089 2154 1110 2188 4

394 2209 518 2252 (Paul.
523 2209 549 2253 ).

347 2267 555 2311 paraclitus
586 2267 638 2302 III
668 2268 748 2311 337,
778 2267 832 2302 *1.

1544 779 1699 823 (Paul.).
1725 780 1910 823 parochia

1193 834 1466 880 Hipponiensis
1490 835 1675 872 ecclesiae
1700 837 1752 872 IV
1774 838 1853 882 348,
1876 839 1908 873 3.

1146 898 1425 943 parricidaliter
1452 899 1633 935 frendens
1661 900 1695 935 II
1723 901 1778 944 24,
1808 901 1861 936 13.

1144 962 1336 1008 particeps
1387 961 1601 998 videntium
1628 979 1669 992 -—-
1697 964 1910 1000 videntium

1193 1019 1333 1065 socius,
1376 1030 1475 1056 unus
1520 1030 1567 1056 ex
1611 1021 1831 1058 videntibus
1875 1022 1909 1057 II

1192 1078 1272 1123 723,
1302 1079 1324 1114 9
1356 1078 1511 1123 (Paul).

1145 1140 1375 1186 participare
1443 1142 1499 1186 (=
1527 1141 1753 1187 participem
1818 1143 1910 1187 fieri,

1193 1199 1293 1244 esse)
1313 1199 1471 1245 aliquid:
1493 1203 1536 1235 ut
1555 1203 1686 1236 aestus
1707 1211 1909 1237 causarum

1192 1267 1361 1293 mearum
1397 1257 1626 1294 excellentia
1662 1259 1910 1304 participaret

1192 1316 1259 1359 (ex
1297 1315 1414 1359 coni.)
1453 1320 1520 1351 tua
1556 1315 1591 1351 II
1628 1317 1707 1361 396,
1744 1317 1777 1352 8.
1815 1317 1908 1353 indi-

1191 1372 1384 1418 gnationis
1427 1373 1582 1409 aculeos
1626 1377 1752 1409 tecum
1795 1375 1908 1420 parti-

1193 1431 1280 1475 cipo
1309 1431 1345 1465 II
1372 1431 1452 1475 402,
1479 1432 1511 1466 6.
1541 1432 1680 1468 missus
1710 1437 1767 1468 est
1797 1433 1908 1476 tilius,

1192 1492 1234 1524 ut
1282 1488 1513 1534 participata
1560 1492 1700 1525 natura.
1746 1490 1908 1526 filiorum

1188 1546 1383 1582 hominum
1403 1546 1451 1582 ad
1470 1547 1774 1592 participandam
1794 1548 1907 1584 etiam

1193 1615 1300 1639 suam
1342 1609 1519 1641 naturam
1562 1606 1769 1650 adoptaret
1810 1606 1908 1641 filios

1193 1663 1387 1698 hominum
1416 1663 1470 1697 III
1501 1663 1578 1709 162,
1606 1665 1664 1708 243
1695 1665 1741 1705 cs.
1768 1665 1847 1709 226,
1878 1665 1907 1700 1.

1146 1726 1388 1772 participatio
1420 1726 1474 1762 III
1504 1727 1582 1772 160,
1613 1728 1666 1763 18.
1696 1727 1907 1773 baptismus

1192 1784 1332 1820 Christi
1364 1785 1413 1820 ad
1445 1785 1778 1830 participationem
1811 1786 1908 1822 salu-

1193 1842 1241 1877 tis
1265 1846 1445 1878 aeternae
1469 1843 1582 1879 datus
1608 1843 1641 1878 II
1665 1844 1745 1887 630,
1768 1846 1800 1879 4.
1826 1855 1908 1889 par-

1192 1900 1365 1945 ticipatio
1412 1901 1582 1945 corporis
1628 1905 1666 1937 et
1711 1902 1907 1947 sanguinis

1192 1958 1345 2003 Christi,
1376 1959 1605 1994 sacramenti
1637 1959 1717 1995 eius
1747 1960 1799 1994 III
1829 1960 1908 1996 364.

1192 2016 1225 2051 5.
1246 2016 1325 2060 576,
1349 2016 1403 2051 11.
1425 2020 1627 2061 praeterea
1651 2018 1728 2062 162,
1753 2018 1806 2052 12.
1830 2018 1907 2061 163,

1193 2075 1236 2110 16
1267 2078 1305 2110 et
1334 2085 1452 2120 saepe
1483 2077 1521 2110 in
1552 2075 1624 2110 hac
1655 2076 1832 2120 epistula.
1862 2096 1908 2101 -—

1193 2148 1233 2161 z
1251 2132 1431 2168 societas:
1488 2132 1608 2177 *quae
1664 2133 1907 2178 participatio

1193 2191 1363 2227 iustitiae
1394 2201 1478 2226 cum
1509 2191 1735 2236 iniquitate?
1765 2191 1798 2225 II
1829 2192 1906 2235 338,

1194 2249 1248 2284 15.

349 2324 550 2369 paradisus
575 2325 609 2360 Π
635 2326 691 2365 40,
717 2326 760 2361 13
785 2329 822 2360 eg
846 2326 889 2360 24
914 2326 1108 2370 (cmm-cus·
1147 2313 1346 2357 partiliter:
1372 2311 1495 2357 (deus)
1519 2312 1621 2348 nullo
1646 2312 1799 2348 clausus
1822 2312 1906 2348 loco

395 2382 580 2427 quidam).
609 2383 661 2417 ΙΙΙ
686 2384 766 2426 344,
792 2383 846 2418 ²³²5.
872 2384 950 2427 463,
979 2384 1032 2418 14.
1059 2383 1108 2418 IV

394 2442 450 2483 83,
477 2440 553 2476 ³²13.
583 2441 635 2476 14.
663 2442 703 2475 17
731 2444 768 2476 el
792 2443 949 2487 saepius
974 2443 1013 2476 in
1039 2442 1111 2477 hac

395 2499 573 2542 epistula.

348 2555 550 2601 paralysis:
583 2556 820 2601 (Dioscorus)
850 2557 887 2591 in
916 2557 1110 2602 paralysin

395 2613 558 2648 solvitur
593 2614 721 2649 multis
757 2624 801 2649 ac
837 2625 957 2659 paene
993 2615 1110 2651 omni-

395 2670 464 2704 bus
495 2671 671 2706 membris
702 2672 752 2706 lV
780 2672 859 2708 482.
888 2673 943 2707 21.

1193 2380 1262 2405 nec
1286 2370 1473 2415 partiliter
1496 2380 1561 2415 per
1584 2374 1725 2406 cuncta
1745 2370 1906 2405 diffusus

1193 2428 1245 2463 ΙΙΙ
1274 2429 1351 2472 159,
1379 2428 1432 2462 12.

1147 2497 1553 2542 1›m·turi1·e:fovere:
1594 2497 1681 2532 nolo
1721 2497 1907 2532 deserere.

1192 2566 1288 2600 quos
1338 2555 1574 2600 colligendos
1623 2554 1822 2604 timoribus
1870 2561 1908 2590 et

1193 2612 1387 2648 doloribus
1425 2613 1609 2657 parturivi
1648 2613 1699 2646 IV
1733 2613 1813 2656 349,
1850 2612 1906 2647 1οι

1194 2671 1239 2711 cf.
1266 2671 1320 2714 29,
1346 2671 1400 2706 23.

350 2745 518 2778 parcere:
553 2736 633 2770 sive
667 2745 798 2770 omncs
831 2735 961 2771 debita
990 2739 1110 2771 morte
1147 2734 1409 2778 parturitionis
1438 2734 1589 2769 dolores
1618 2733 1668 2767 IV
1695 2734 1773 2768 574.
1802 2734 1833 2767 4.
1861 2753 1907 2757 —-

396 2792 612 2836 plectantur
640 2793 720 2828 sivo
747 2793 936 2837 aliquibus
965 2793 1012 2828 ab
1039 2794 1127 2836 hac}
1194 2793 1324 2827 transl.
1363 2802 1591 2836 quamquam
1629 2791 1742 2826 nullis
1780 2790 1905 2825 verbis

396 2849 621 2885 condicione
654 2854 833 2894 parcatur
864 2851 915 2885 lV
947 2851 1024 2895 174,
1055 2838 1128 2902 23.Ι
1193 2850 1380 2893 explicem
1416 2849 1707 2893 conceptionem
1743 2859 1786 2883 ac
1822 2859 1906 2893 par-
