2078 3054
287 128 366 178 164

330 271 587 312 congregatos
621 271 658 304 et
692 267 762 302 hoc
798 268 923 312 ipsum
958 278 1043 312 pro-

330 324 486 360 missum
522 325 669 361 orando
706 336 750 361 ao
784 326 1043 362 desiderando

330 388 583 427 expectantes
612 383 666 418 lII
698 384 773 429 119,
800 385 832 419 3.
861 384 908 420 de
938 384 1043 420 Chri-

330 440 379 475 sti
403 441 575 477 adventu
600 442 810 477 sevissimo
835 446 874 478 et
896 443 944 478 de
968 442 1041 478 fine

330 499 473 534 saeculi
528 499 656 545 agitur
714 510 771 544 ep.
819 500 896 535 199.
952 511 1043 546 quo-

328 557 441 592 modo
473 557 648 593 Christus
679 558 894 593 credendus
925 559 974 594 sit
1003 558 1042 593 in

328 615 426 650 nube
459 619 645 651 venturus
678 615 730 651 IV
761 616 839 661 279,
871 616 1040 662 14—280,

327 673 358 708 8.
399 673 555 718 quando
593 678 780 710 venturus
820 674 880 720 sit,
920 674 1040 711 nesci-

327 741 411 766 mus
444 730 496 765 IV
530 731 609 777 249,
642 732 814 777 10-254,
847 732 902 768 20.
936 743 1040 768 error

327 788 366 823 in
411 793 574 835 utroque
618 790 803 826 vitandus
847 795 916 836 est,
958 791 1039 826 sive

327 847 441 883 eitius
477 848 559 883 sive
595 848 755 894 tardius,
790 858 904 894 quam
941 849 1041 884 futu-

326 915 409 940 rum
438 910 508 951 est,
535 905 712 942 Christus
739 911 927 942 venturus
954 917 1060 955 esse¹

326 963 496 999 ereditur
541 963 594 999 IV
640 964 720 1010 289,
766 965 937 1010 17—292,
986 965 1061 1000 12.-

326 1021 455 1066 itaque
510 1022 637 1066 parati
691 1023 902 1059 adventum
957 1023 1060 1070 eius>

325 1080 496 1123 opperiri
537 1080 720 1117 debemus
763 1081 817 1116 IV
859 1081 939 1126 245,
985 1073 1060 1116 14.ἱ

326 1137 406 1183 247,
431 1138 463 1173 5.
488 1138 567 1183 249,
595 1138 648 1174 18.
675 1139 753 1184 251,
782 1139 836 1175 18.
863 1101 1060 1175 Christus!

326 1196 364 1231 in
413 1200 584 1232 extremo
634 1197 789 1243 iudicio,
838 1198 888 1234 ad
936 1185 1059 1244 quod¹

325 1253 544 1290 faciendum
573 1259 761 1292 venturus
789 1259 849 1293 est
875 1255 932 1291 III
958 1256 1038 1302 203,

326 1312 379 1347 17.
409 1312 487 1358 224,
518 1314 549 1348 7.
577 1323 711 1349 omnes
739 1315 909 1350 omnium
938 1315 1039 1351 ordi-

324 1381 414 1406 num
447 1371 621 1407 homines
653 1371 847 1408 Christum
878 1376 1039 1409 cantant

324 1433 373 1473 et,
397 1439 474 1474 qua
495 1429 697 1466 voluntate
721 1435 837 1477 atque
860 1441 926 1467 ore
950 1441 1039 1466 can-

324 1490 418 1532 tent,
448 1487 572 1523 eidem
604 1488 690 1533 ipsi,
721 1498 834 1534 quem
866 1493 1038 1535 cantant,

322 1545 510 1581 rationem
558 1545 640 1582 sine
686 1546 804 1582 dubio
848 1546 1037 1582 reddituri

324 1607 413 1638 sunt
439 1602 491 1637 IV
517 1604 596 1649 514,
626 1604 774 1640 14—24.
798 1605 912 1641 valde
938 1605 1037 1640 salu-

322 1661 440 1696 briter
476 1661 711 1707 Hesychium
749 1663 946 1700 exhortari
983 1663 1037 1698 ait

322 1718 378 1763 A.,
409 1723 451 1755 ut
481 1718 625 1756 Christi
654 1720 839 1766 diligatur
869 1726 909 1757 et
938 1721 1037 1757 desi-

322 1776 478 1813 deretur
529 1778 722 1814 adventus
772 1778 825 1814 IV
875 1779 954 1825 243,
1002 1780 1036 1815 5.

1056 1345 1060 1380 ¹

322 1835 400 1880 254,
444 1836 499 1871 21.
553 1836 654 1872 hunc
697 1837 908 1873 adventum
950 1848 1035 1873 cum

321 1893 517 1938 diligimus
552 1899 590 1930 et
623 1895 900 1941 desideramus,
932 1899 1035 1931 reete

321 1951 508 1998 beateque
557 1952 726 1988 vivimus
775 1953 827 1987 IV
875 1953 955 1999 244,
1003 1953 1035 1988 2.

321 2009 399 2054 255,
429 2010 459 2045 1.
487 2010 540 2045 15.
568 2011 618 2046 ad
645 2014 772 2046 utrum
799 2010 941 2047 Christi
969 2011 1035 2046 ad-

320 2071 477 2102 ventum
508 2067 735 2105 referendae
765 2068 842 2104 sint
870 2068 1035 2105 Danihe-

321 2124 368 2160 lis
393 2125 654 2162 hebdomades
679 2126 731 2161 IV
757 2126 835 2172 231,
862 2127 1035 2172 14—-234,

321 2183 375 2218 23.
405 2183 484 2228 259,
515 2183 687 2229 18-262,
717 2184 771 2220 10.

367 2240 554 2277 Dominus
601 2241 777 2278 Christus
825 2246 863 2278 et
910 2242 1034 2278 iustus

320 2303 379 2334 est
426 2303 465 2335 et
512 2299 739 2345 iustificans,
786 2310 857 2335 nos
905 2305 1033 2336 autem

320 2356 518 2392 iustificati
571 2358 693 2403 gratis
747 2368 815 2402 per
868 2358 1033 2403 gratiam

319 2415 441 2459 ipsius
475 2415 527 2450 IV
559 2416 614 2461 35,
649 2415 703 2451 18.
737 2426 806 2460 per
839 2415 1032 2452 Christum

319 2473 510 2517 redempti
538 2483 669 2509 sumus
695 2473 731 2508 II
756 2474 836 2519 513,
862 2474 894 2509 5.
921 2484 1033 2510 nemo

320 2530 550 2566 iustificatur
600 2531 674 2567 nisi
721 2541 790 2576 per
839 2531 1034 2567 Christum

319 2599 443 2635 neque
471 2599 563 2625 vero
589 2599 723 2627 omnes
749 2589 923 2625 homines
949 2599 1034 2635 per-

318 2646 444 2683 tinent
471 2648 520 2683 ad
550 2647 862 2683 iustificationem
891 2647 1033 2683 Christi

320 2704 374 2739 IV
407 2705 483 2750 171,
513 2705 570 2741 21.
601 2715 669 2750 per
700 2710 819 2750 caput
848 2709 1032 2751 nostrum,

319 2762 358 2798 id
392 2767 450 2799 est
482 2773 550 2808 per
583 2763 776 2799 Christum
811 2764 1033 2800 reconcilia-

320 2830 403 2855 mur
439 2821 511 2856 (leo
545 2820 598 2855 IV
631 2821 686 2865 99,
723 2822 754 2856 7.
790 2822 822 2857 5.
857 2821 1033 2870 Christus

955 153 1098 190 index
1126 152 1169 191 V.

1130 268 1320 304 mediator
1365 269 1526 307 effectus
1572 276 1643 318 est,
1686 277 1729 308 ut
1773 282 1844 308 nos

1130 327 1354 363 reconciliet
1380 328 1453 364 deo
1481 340 1548 374 per
1576 330 1843 376 humilitatem,

1128 395 1151 419 a
1192 395 1266 430 quo
1311 394 1379 429 per
1422 386 1579 432 impiam
1622 389 1841 433 superbiam

1128 442 1242 488 longe
1273 453 1555 481 recesseramus
1589 445 1643 480 III
1675 447 1753 493 215,
1788 449 1842 482 14.

1129 506 1410 537 sacramentum
1442 504 1748 549 regenerationis
1777 515 1843 540 no-

1129 563 1230 594 strae
1282 560 1528 596 manifestum
1581 572 1665 598 esse
1718 562 1842 597 voluit

1128 617 1398 653 manifestatus
1437 619 1627 654 mediator
1667 620 1842 656 Christus

1128 673 1180 707 lV
1212 675 1289 720 112,
1321 675 1350 711 1.
1380 676 1572 712 credimus
1603 678 1747 713 nullum
1777 678 1841 714 ho-

1127 732 1271 768 minum
1313 733 1394 771 sive
1436 734 1593 770 maioris
1633 735 1715 771 sive
1756 746 1841 781 par-

1126 790 1240 827 vulae
1304 791 1513 837 quamlibet
1576 798 1614 829 et
1675 794 1840 830 recentis

1126 848 1266 884 aetatis
1321 849 1475 887 liberari
1531 862 1553 886 a
1609 852 1840 897 contagione

1127 907 1261 942 mortis
1302 908 1484 954 antiquae
1524 914 1562 945 et
1603 909 1839 956 obligatione

1126 965 1288 1011 peccati,
1327 967 1430 1012 quod
1470 966 1593 1011 prima
1633 968 1839 1003 nativitate

1126 1023 1332 1069 contraxit,
1359 1024 1433 1059 nisi
1459 1034 1528 1069 per
1554 1035 1671 1060 unum
1697 1025 1839 1062 media-

1126 1085 1246 1117 torem
1269 1081 1332 1117 dei
1357 1086 1395 1118 et
1417 1082 1626 1128 hominum,
1647 1083 1839 1119 hominem

1125 1138 1319 1175 Christum
1350 1139 1477 1189 Iesum
1508 1140 1560 1175 IV
1593 1142 1670 1186 141,
1702 1141 1759 1187 11;
1791 1142 1838 1184 cf.

1127 1197 1203 1243 198,
1234 1197 1287 1233 10.
1314 1197 1350 1233 II
1377 1199 1456 1243 554,
1486 1199 1539 1234 11.
1567 1199 1743 1235 Christus
1770 1210 1839 1245 per

1125 1255 1290 1292 animale
1317 1256 1439 1302 nobis,
1466 1257 1538 1292 hoc
1564 1261 1624 1293 est
1649 1267 1717 1301 per
1741 1268 1838 1293 mor-

1124 1313 1201 1350 tale
1237 1323 1376 1358 corpus
1414 1315 1609 1360 apparuit,
1644 1316 1735 1361 quia
1768 1325 1838 1351 nos

1123 1371 1339 1408 humilitate
1371 1372 1439 1408 filii
1470 1373 1533 1409 dei
1565 1375 1694 1410 sanari
1727 1383 1839 1419 opor-

1125 1429 1231 1465 tebat
1269 1430 1322 1465 IV
1360 1430 1440 1475 332,
1482 1431 1538 1475 11;
1579 1432 1626 1473 cs.
1665 1432 1745 1476 333⁵,
1785 1432 1839 1467 18.

1123 1487 1163 1523 in
1207 1486 1361 1524 Christo
1408 1499 1453 1524 eo
1500 1493 1686 1535 tempore,
1734 1489 1836 1536 quod

1122 1546 1494 1590 opportunissimum
1537 1547 1620 1592 ipse
1663 1552 1836 1593 noverat,

1122 1604 1230 1640 venit
1290 1604 1507 1641 hominibus
1571 1605 1835 1656 magisterium

1122 1658 1160 1698 et¹
1197 1662 1431 1699 adiutorium
1470 1664 1519 1699 ad
1557 1663 1836 1708 capessendam

1123 1721 1397 1766 sempiternam
1426 1721 1588 1758 salutem
1617 1721 1672 1756 III
1702 1722 1779 1767 112,
1802 1722 1835 1757 3.

1121 1777 1263 1814 Christi
1312 1789 1452 1815 nomen
1499 1779 1538 1814 in
1584 1789 1652 1823 spe
1699 1779 1835 1815 salutis

1120 1840 1302 1873 aeternae
1345 1837 1577 1873 auctoritate
1620 1837 1837 1882 praepollet

1125 1894 1179 1928 ΙΙΙ
1218 1895 1299 1939 356,
1343 1895 1398 1929 11.
1439 1895 1653 1940 baptismus
1695 1894 1836 1930 Christi

1120 1952 1170 1988 ad
1194 1952 1534 1998 participationem
1556 1952 1692 1989 salutis
1713 1957 1835 1989 aeter-

1121 2020 1194 2045 nae
1232 2010 1348 2046 datus
1387 2010 1572 2046 ecclesiae
1609 2010 1645 2045 II
1684 2010 1763 2055 630,
1801 2011 1834 2044 4.

1120 2067 1183 2103 dei
1220 2068 1347 2113 gratia
1385 2078 1452 2113 per
1488 2068 1682 2104 Christum
1720 2068 1834 2104 datur

1122 2126 1273 2170 pusillis
1315 2131 1354 2163 et
1395 2127 1546 2172 magnis
1588 2126 1641 2161 IV
1684 2126 1760 2172 140,
1801 2127 1834 2161 5.

1122 2184 1200 2228 157,
1226 2184 1282 2228 11;
1310 2184 1356 2225 cf.
1385 2184 1462 2229 145,
1487 2184 1541 2219 15.
1568 2183 1834 2219 misericordia

1120 2241 1183 2277 dei
1210 2246 1248 2277 et
1276 2242 1404 2287 gratia
1430 2242 1658 2286 praedicata
1683 2246 1743 2278 est
1770 2241 1834 2276 ho-

1119 2299 1286 2335 minibus
1313 2310 1381 2344 per
1408 2300 1600 2336 hominem
1628 2299 1832 2344 Christum,

1120 2357 1318 2401 impertita
1350 2361 1479 2393 autem
1510 2367 1579 2402 per
1610 2357 1723 2393 deum
1756 2357 1834 2392 dei-

1119 2426 1193 2460 que
1223 2415 1341 2451 filium
1374 2416 1538 2452 eundem
1570 2416 1696 2460 ipsum
1728 2414 1834 2450 Chri-

1120 2477 1220 2509 stum
1265 2472 1320 2508 111
1368 2474 1445 2518 124,
1495 2473 1548 2509 14.
1594 2473 1634 2508 in
1680 2471 1833 2508 Christo

1120 2535 1274 2575 oportet
1326 2530 1519 2566 vivificari
1569 2534 1742 2566 mortuos
1794 2529 1833 2565 in

1120 2589 1244 2625 Adam
1289 2589 1342 2623 IV
1385 2589 1463 2634 113,
1507 2589 1537 2624 1.
1579 2598 1725 2635 omnes,
1767 2588 1832 2633 qui

1122 2651 1394 2683 renascuntur.
1420 2647 1458 2682 in
1504 2646 1829 2691 iustificationem‚

1118 2715 1196 2741 non
1243 2705 1318 2740 nisi
1367 2714 1435 2749 per
1483 2704 1677 2740 Christum
1724 2714 1832 2739 rena-

1119 2767 1290 2808 scuntur,
1331 2763 1430 2799 sieut
1472 2773 1616 2807 omneS,
1659 2762 1723 2808 qui
1766 2772 1831 2797 na-

1118 2825 1277 2857 scuntur
1298 2821 1336 2856 in
1358 2820 1731 2864 condemnationem,
1754 2830 1830 2856 non
