2078 3054
854 125 1101 160 Praefatio.
1522 126 1733 160 Lxxxvll

221 246 336 297 sicem
368 243 597 285 vedebatur.
641 255 719 285 nee
756 241 909 285 desunt
947 242 1038 293 loci,
1083 242 1153 283 ubi
1187 255 1262 283 suo
1294 242 1425 282 Marte
1458 242 1570 282 taciti
1605 247 1736 283 muta-

222 307 331 350 visse
371 312 445 348 aut
490 305 707 348 addidisse
754 305 992 356 videantur,
1041 305 1154 346 velut
1202 305 1372 346 lacunas
1419 304 1472 346 ad
1519 305 1736 346 arbitrium

221 371 498 426 expleverunt
530 370 570 410 in
605 369 785 423 epistula
810 370 890 416 142
912 382 950 422 p.
976 368 1071 418 249,
1106 370 1232 419 3-5,
1266 368 1375 421 quod
1400 369 1491 410 Car.
1519 368 1631 409 Vrba
1663 369 1688 409 l.
1712 370 1734 410 l.

221 449 257 488 p.
283 433 335 474 38
369 432 584 483 indicavit,
628 440 668 473 et
700 433 738 473 in
773 432 953 486 epistula
989 431 1066 473 158
1102 446 1138 486 p.
1163 432 1260 482 496,
1294 431 1361 472 26.
1401 431 1475 473 sed
1508 431 1613 472 haee
1646 433 1735 484 qui-
1799 490 1805 497 .

219 496 312 539 (10111
345 496 564 547 l1a‹⁴tenus;
601 496 693 536 nolo
725 497 834 536 enim
868 495 962 547 quis
995 496 1232 549 suspicetur
1254 508 1430 548 magnas
1453 495 1735 536 Maurinorum

220 560 365 602 laudes
398 565 698 600 extenuantem
733 573 797 599 me
831 559 933 599 baec
966 558 1123 601 dicere:
1158 572 1254 599 nani
1288 557 1330 598 id
1363 571 1491 599 unum
1526 559 1566 598 in
1598 559 1737 599 animo

220 624 437 674 habebam,
477 628 520 663 ut
552 621 878 663 demonstrarem
914 635 994 663 nou
1029 635 1089 673 ea,
1133 635 1217 675 qua
1248 635 1323 675 par
1355 627 1478 671 esset,
1513 621 1735 674 diligentia

219 701 288 728 eos
331 687 446 728 libris
478 699 576 727 mss.
614 698 710 726 usos
753 698 846 727 csse
890 698 978 732 1100,
1023 698 1130 736 quae
1170 684 1220 725 de
1260 684 1319 726 eis
1358 684 1627 726 adfirmarent
1664 696 1735 726 aut

217 750 438 791 adtirmare
476 748 730 792 viderentur,
775 750 864 789 sine
905 748 1098 789 cautione
1136 747 1317 801 quadam
1350 761 1441 789 csse
1473 748 1734 801 accipienda.

275 813 556 867 Epistularum
608 826 769 865 corpus,
818 810 926 864 quod
975 808 1157 853 editores
1205 811 1405 865 paulatim
1453 811 1735 862 confecerant,

217 876 395 918 Maurini
433 875 589 918 additis
627 876 810 917 sedecim
848 875 940 916 aliis
978 874 1353 929 amplificaverunt.
1397 881 1523 927 atque
1556 875 1733 929 primum

217 939 384 993 quidem
425 939 646 992 epistulam
681 938 734 978 <29
774 939 812 978 in
853 939 988 979 lucem
1028 938 1291 991 protulerunt
1329 953 1381 979 ex
1421 938 1562 980 codice
1594 939 1734 991 aliquo

218 1018 297 1045 non
336 1003 518 1057 amplius
556 1002 735 1053 cognito,
778 1001 981 1055 epistulas
1020 1002 1075 1041 42
1108 1006 1147 1042 et
1179 1002 1234 1041 45
1272 1016 1323 1043 ex
1358 1003 1546 1044 Parisino
1585 1003 1733 1053 111541,

216 1067 437 1121 epistulam
480 1065 556 1106 193
595 1080 645 1106 ex
682 1065 937 1107 Bononiensi
970 1065 1037 1116 58,
1080 1065 1131 1105 12
1165 1064 1192 1106 S
1225 1065 1343 1118 (corr.
1374 1065 1483 1119 125),
1527 1066 1733 1119 epistulae

216 1132 495 1184 fragmentum
535 1129 603 1167 171
634 1130 667 1169 A
693 1142 744 1169 cx
781 1128 969 1170 Primasii
994 1128 1315 1171 Commentariis
1348 1141 1474 1182 super
1496 1130 1731 1184 Apocalyp-

216 1194 293 1234 sim
332 1199 372 1234 et
406 1193 488 1232 2:30
511 1195 542 1233 A
584 1206 635 1233 ex
676 1191 817 1232 01111100
851 1192 1212 1245 Montipcssulano
1246 1193 1346 1245 2333
1391 1197 1552 1233 ceteras
1588 1192 1731 1234 decem

215 1271 267 1298 ex
311 1256 438 1298 variis
482 1256 710 1309 Augustini
754 1255 1014 1308 aliorumque
1064 1256 1230 1309 scriptis
1273 1256 1313 1296 in
1361 1255 1562 1309 epistulas
1605 1263 1731 1297 rettu—

218 1320 372 1361 lerunt:
432 1333 484 1360 ex
529 1319 753 1373 Augustini
803 1317 1132 1367 Quaestionibus
1178 1318 1232 1359 ad
1281 1319 1598 1373 Simpliciauum
1646 1321 1731 1374 epi-

214 1384 366 1425 stulam
401 1383 466 1431 δῖ,
507 1396 557 1423 ex
598 1383 701 1423 libro
741 1382 805 1423 ‘de
845 1384 976 1435 gestis
1010 1383 1166 1436 Pelagi·
1206 1383 1409 1436 epistulas
1450 1382 1530 1423 146
1563 1388 1603 1424 et
1641 1384 1731 1435 1118,

214 1460 265 1487 ex
299 1446 416 1488 libris
450 1445 514 1486 ‘de
548 1446 706 1500 nuptiis
738 1451 777 1487 et
811 1446 1164 1499 concupiscentia*
1200 1447 1423 1499 epistulam
1459 1446 1554 1498 200,
1600 1460 1650 1487 ex
1686 1448 1730 1487 li-

215 1510 297 1551 bris
342 1511 499 1550 ‘contra
533 1509 754 1550 Iulianum·
790 1509 1014 1563 epistulam
1049 1509 1148 1561 2073
1184 1524 1234 1549 ex
1263 1510 1506 1563 Hieronymi
1540 1511 1730 1564 epistulis

213 1573 434 1627 epistulam
471 1572 570 1615 270:
615 1586 666 1613 ex
701 1573 817 1613 Actis
855 1572 1103 1613 conlationis
1143 1572 1490 1627 Cartliaginensis
1528 1574 1730 1628 epistulas

217 1636 293 1675 128
328 1642 367 1678 01
403 1636 496 1687 129,
530 1649 582 1677 ex
615 1649 824 1676 canonum
858 1635 1072 1677 codicibus
1106 1636 1331 1689 epistulam
1364 1636 1460 1688 201,
1495 1650 1546 1677 ex
1581 1638 1729 1691 Lepori

213 1700 371 1741 Libello
414 1699 720 1741 emendationis
763 1698 1197 1740 sive'satisfactionis
1230 1699 1451 1753 epistulam
1484 1700 1625 1752 219.1)
1669 1714 1728 1741 re-

212 1769 324 1804 mota
362 1768 424 1804 est
461 1767 600 1803 autem
640 1776 692 1803 ex
732 1762 1004 1816 epistularum
1039 1776 1211 1803 numero
1245 1768 1284 1803 ct
1317 1764 1463 1804 merito
1497 1765 1535 1804 in
1570 1778 1728 1818 appen-

211 1825 343 1866 dicem
384 1826 585 1867 translata
627 1826 853 1866 ‘altercatio
894 1838 986 1866 011111
1021 1826 1271 1877 l'ascentio⁴,
1314 1840 1421 1879 quae
1464 1833 1548 1867 tuni
1594 1828 1728 1868 fuerat

210 1889 251 1930 in
283 1889 477 1930 omnibus
510 1902 535 1929 a
567 1888 753 1942 principe
787 1888 1042 1930 editionibus
1076 1902 1248 1930 numero
1285 1889 1363 1929 178
1396 1890 1573 1943 signata.

269 1953 541 2006 Praecipuam
590 1951 756 1993 laudem
806 1952 982 1993 Maur-ini
1031 1966 1078 1993 eo
1125 1959 1379 2004 meruerunt,
1428 1953 1537 2006 quod
1587 1954 1728 1995 relicto

210 2016 383 2070 pristino
425 2015 699 2070 epistularum
737 2014 894 2067 ordine,
937 2016 1093 2069 quippe
1131 2016 1200 2068 qui
1235 2029 1359 2057 caeco
1391 2030 1505 2068 casu,
1550 2023 1591 2057 ut
1626 2017 1727 2058 vidi-

209 2092 314 2130 mus,
349 2084 518 2129 exortus
552 2077 653 2118 nihil
687 2077 873 2130 haberet,
908 2079 972 2119 cui
1007 2084 1260 2132 parceretur,
1303 2084 1533 2133 temporum
1567 2081 1726 2122 ratione

208 2141 353 2183 habita
392 2155 544 2183 novum
586 2142 874 2183 instituebant.
918 2155 999 2194 quo
1032 2141 1188 2183 sactum
1223 2148 1297 2193 081,
1342 2149 1385 2183 ut
1418 2143 1623 2197 epistulae
1656 2145 1727 2185 tali

210 2204 331 2246 modo
370 2205 477 2246 inter
516 2218 560 2247 se
592 2212 716 2259 aptae
749 2205 1068 2258 conligataeque
1101 2205 1265 2247 facilius
1298 2206 1532 2259 meliusque
1564 2208 1725 2249 intelle-

207 2275 420 2322 gerentur,
474 2268 700 2321 Augustini
747 2269 831 2308 vita
873 2282 966 2309 cum
1011 2269 1173 2322 privata
1215 2276 1301 2310 tum
1345 2270 1514 2323 publiea
1555 2270 1725 2312 clariore

209 2331 363 2372 lumine
401 2330 819 2382 circumfunderetur,
863 2345 928 2373 res
966 2332 1006 2372 in
1039 2331 1181 2373 Africa
1213 2337 1371 2386 gestae,
1415 2333 1725 2375 ecclesiasticae

208 2395 390 2435 maxime
437 2394 683 2448 diligentius
730 2402 1083 2447 cognoscerentur
1129 2400 1256 2448 atque
1303 2396 1635 2438 inlustrarentur.
1685 2399 1724 2438 in

208 2462 402 2510 quattuor
450 2458 576 2511 igitur
623 2463 762 2511 partes
808 2471 952 2499 omnes
998 2459 1202 2512 epistulas
1248 2458 1494 2505 diviserunt,
1548 2473 1722 2512 quarum

208 2514 351 2573 prima'
373 2534 445 2562 eas
477 2521 675 2572 continet,
710 2534 817 2573 quae
849 2522 1028 2575 scriptae
1061 2527 1170 2574 sunt,
1205 2535 1296 2563 cum
1326 2523 1591 2576 Augustinus
1624 2537 1723 2565 non-

265 2630 290 2670 ¹)
319 2628 522 2672 Aliquanto
549 2635 630 2673 post
659 2629 853 2662 editionem
883 2630 1125 2663 Maurinorum
1153 2631 1198 2664 ad
1226 2631 1459 2674 epistularum
1479 2643 1610 2675 corpus
1629 2633 1722 2667 duae

208 2690 322 2713 novae
349 2684 597 2716 accesserunt:
625 2680 804 2724 epistulae
831 2681 922 2714 enim
953 2684 1015 2717 184
1035 2682 1067 2715 A
1096 2685 1128 2715 1-1
1156 2685 1222 2717 2112
1241 2683 1274 2716 Λ
1292 2693 1334 2716 ex
1350 2683 1473 2716 01111101·
1494 2684 1721 2717 (1111111001181

207 2741 228 2764 a
254 2730 460 2766 Godofrido
487 2731 651 2766 Besselio
678 2732 814 2766 abbate
841 2743 936 2766 auno
965 2735 1052 2769 1732
1084 2733 1203 2768 editae
1237 2734 1269 2767 in
1297 2734 1542 2777 l'atrologiam
1571 2735 1721 2777 Mignia-

207 2793 287 2816 num
315 2787 396 2817 sunt
425 2787 604 2828 receptae.
