2078 3054
265 111 316 150 16
901 121 1040 155 Index
1067 121 1144 155 III.

259 242 505 283 censuerunt,
534 239 572 274 id
600 249 686 274 eum
715 238 853 274 fecisse
882 238 921 274 in
950 249 996 275 ea
1024 238 1204 284 epistula,
1233 249 1348 284 quam
1378 249 1480 274 anno
1510 241 1720 284 praeterito
1749 252 1789 277 se

259 297 410 333 misisse
436 297 543 343 dicit,
567 298 632 344 qui
657 308 782 333 annus
808 297 885 333 nisi
906 298 975 334 396
1000 308 1085 334 esse
1112 308 1190 333 non
1213 297 1353 341 potuit.

402 356 581 401 Epistula
593 358 635 393 41
664 357 830 402 Alypius
852 362 891 394 et
905 358 1148 404 Augustinus
1170 359 1346 404 episcopi
1365 360 1513 405 gratias
1535 364 1659 406 agunt
1672 361 1790 396 Aure-

259 415 310 450 lio
335 417 532 461 episcopo,
557 417 659 462 quod
683 417 934 463 presbyteris,
957 427 1155 454 sermones
1178 418 1227 454 ad
1251 418 1436 462 populum
1461 423 1667 464 praesente
1691 420 1791 463 epis-

260 484 357 519 copo
388 480 426 510 ut
456 476 654 521 haberent,
682 477 951 512 concessisset.
992 477 1123 522 itaque
1152 487 1237 512 cum
1266 477 1468 512 Possidius
1498 478 1538 512 in
1566 487 1597 514 c.
1625 478 1659 512 V
1685 479 1790 514 vitae

260 534 470 580 Augustini
490 535 620 570 tradat
642 535 867 580 episcopum
890 535 1088 571 Valerium
1108 536 1209 572 idem
1231 536 1450 581 Augustino
1473 537 1713 573 concessisse
1736 538 1792 573 di-

261 604 366 630 cens:
394 594 530 630 Eidem
553 595 782 639 presbytero
807 598 1044 640 potestatem
1067 595 1177 630 dedit
1201 605 1331 630 coram
1355 606 1397 630 se
1422 597 1462 630 in
1486 596 1652 631 ecclesia
1675 606 1791 632 evan—

259 654 404 699 9elium
429 655 685 700 praedicandi
709 665 755 690 ac
780 655 1095 699 frequentissime
1122 655 1316 690 tractandi
1341 657 1477 690 contra
1499 665 1612 690 usum
1637 656 1792 700 quidem

265 716 303 748 et
348 714 670 749 consuetudinem
692 713 965 755 Africanarum
991 714 1255 756 ecclesiarum,
1281 715 1384 749 unde
1410 715 1528 749 etiam
1555 715 1591 748 ei
1616 715 1792 749 nonnulli

261 773 436 818 episcopi
465 772 734 816 detrahebant,
766 773 851 818 quis
882 773 1087 818 dubitabit,
1115 772 1210 819 quin
1240 772 1421 809 Aurelius
1451 773 1583 809 Valeri
1614 773 1793 818 exemplo

262 836 476 868 commotus
503 831 598 868 illud
623 832 781 868 fecerit?
819 833 923 878 quod
950 832 982 868 si
1011 832 1067 868 ita
1094 842 1133 868 se
1161 829 1288 877 habet,
1315 831 1521 876 epistulam
1548 832 1665 876 paulo
1691 836 1791 876 pest,

262 902 376 937 quam
405 891 649 938 Augustinus
679 892 947 936 episcopatum
977 891 1129 936 inierat,
1160 892 1344 935 scriptam
1376 901 1460 927 esse
1490 890 1675 926 dicemus.

379 950 558 996 Epistula
588 953 634 988 42
663 951 713 987 ad
746 951 951 987 Paulinum
982 960 1021 987 et.
1051 952 1276 987 Therasiam
1308 952 1402 988 data
1431 952 1675 997 Augustinus
1707 961 1794 986 con-

263 1011 446 1056 queritur,
472 1011 577 1057 quod
599 1011 675 1046 iam
699 1011 766 1047 diu
790 1010 934 1046 nullam
958 1011 1007 1047 ab
1029 1011 1086 1047 eis
1108 1011 1326 1055 accepisset
1351 1010 1573 1056 epistulam:
1599 1010 1698 1053 Quid
1723 1013 1794 1053 est,

263 1071 329 1115 qui
360 1071 458 1106 duas
491 1073 663 1106 aestates
694 1070 927 1116 easdemque
949 1072 1001 1106 ’in
1034 1070 1166 1113 Africa
1199 1072 1308 1106 sitire
1342 1070 1550 1116 coyamur?
1564 1070 1594 1116 1)
1630 1069 1796 1106 novissi-

263 1141 364 1165 mam
392 1134 522 1166 autem
546 1130 764 1175 epistulam,
790 1130 829 1166 id
855 1131 998 1174 estep.
1024 1131 1069 1166 30
1093 1129 1281 1165 Paulinus
1305 1140 1339 1166 a.
1362 1130 1433 1166 395
1456 1130 1506 1165 ad
1533 1129 1794 1176 Augustinum

263 1190 436 1234 miserat,
476 1189 607 1235 itaque
634 1189 734 1224 hanc
761 1193 911 1225 aestate
938 1190 1031 1224 anni
1056 1189 1124 1224 397
1152 1189 1336 1233 scriptam
1364 1199 1449 1225 esse
1475 1189 1653 1226 efficitur.

406 1248 623 1295 Epistulam
645 1251 690 1286 43
709 1248 952 1294 Augustinus
973 1249 1024 1284 ad
1043 1248 1229 1293 Glorium,
1252 1249 1461 1294 Eleusium,
1482 1248 1643 1293 Felices,
1663 1247 1797 1284 Gram-

264 1309 447 1344 maticum
483 1300 724 1354 Donatis'tas,
760 1312 803 1343 ut
839 1318 896 1354 ea,
932 1318 1031 1355 quae
1071 1308 1111 1344 in
1147 1308 1413 1352 disputatione
1450 1318 1536 1343 cum
1574 1307 1630 1344 eis
1665 1307 1798 1343 habita

264 1372 408 1414 egerat,
442 1368 570 1404 denuo
604 1368 774 1404 breviter
807 1368 1028 1413 dissereret,
1062 1367 1168 1403 misit
1202 1367 1362 1403 florente
1398 1367 1515 1403 etiam
1549 1371 1629 1402 tum
1664 1366 1797 1411 Optati

264 1427 574 1474 Tamugadensis
605 1427 781 1472 episcopi
811 1426 1042 1463 Donatistae
1077 1426 1304 1463 Gildoniani
1333 1427 1556 1472 potentia,²)
1589 1437 1688 1473 quae
1721 1425 1799 1461 Gil-

265 1487 366 1524 done
396 1487 599 1523 seditionis
629 1487 670 1523 in
701 1486 835 1522 Africa
863 1491 1020 1523 auctore
1051 1497 1085 1525 a.
1116 1487 1184 1522 397
1214 1486 1473 1522 condemnato
1502 1490 1542 1522 et
1571 1497 1604 1521 a.
1635 1486 1705 1522 398
1733 1485 1798 1522 de-

266 1547 370 1582 victo
403 1551 519 1593 atque
553 1546 758 1582 interfecto
792 1546 946 1591 dilapsa
977 1550 1047 1582 est.
1093 1556 1178 1582 cum
1210 1546 1282 1581 hac
1313 1546 1500 1590 temporis
1534 1545 1797 1589 descriptione

267 1607 456 1652 congruit,
488 1606 594 1653 quod·
622 1616 652 1641 c.
682 1607 729 1642 26
757 1605 999 1652 Augustinus
1030 1605 1077 1641 de
1107 1605 1273 1640 discidio
1305 1605 1404 1641 inter
1433 1605 1541 1649 ipsos
1571 1604 1799 1640 Donatistas

265 1670 351 1702 orto
382 1666 552 1712 loquitur
588 1671 626 1702 et
658 1670 962 1701 consentaneum
995 1665 1115 1700 fuisse
1149 1664 1305 1700 videtur
1337 1665 1453 1700 etiam
1486 1674 1798 1704 commemorare,

267 1726 423 1771 quantis
448 1726 486 1761 id
510 1725 662 1761 damnis
687 1724 819 1770 Optati
841 1724 1152 1770 Tamugadensis
1176 1724 1402 1759 interventu
1423 1734 1458 1760 a.
1481 1724 1550 1759 397
1572 1727 1676 1759 esset
1698 1733 1782 1758 com

267 1785 448 1829 positum.
496 1785 600 1830 quod
636 1794 722 1820 cum
758 1784 903 1820 factum
938 1794 1031 1830 non
1051 1783 1112 1828 sit,
1147 1782 1354 1827 epistulam
1388 1786 1479 1818 ante
1516 1782 1612 1818 illud
1646 1786 1799 1827 tempus

268 1845 370 1880 intra
394 1855 427 1881 a.
454 1845 523 1880 396
545 1848 585 1880 et
607 1844 804 1880 ineuntem
827 1844 895 1880 397
920 1854 1005 1879 esse
1030 1843 1215 1887 scriptam
1240 1842 1324 1878 veri
1348 1841 1472 1877 simile
1496 1846 1567 1877 est.

409 1904 470 1939 Ad
510 1904 611 1939 idem
651 1908 805 1948 tempus
844 1907 997 1947 spectat
1035 1903 1203 1947 epistula
1241 1904 1298 1946 44,
1337 1903 1520 1950 quoniam
1561 1901 1799 1946 Ambrosius,

269 1963 476 2008 episcopus
512 1963 826 2008 Mediolanensis‚
863 1963 928 2009 qui
964 1962 1089 2007 pridie
1124 1962 1223 1998 Non.
1260 1962 1406 2006 Aprilis
1442 1972 1476 1998 a.
1513 1962 1581 1997 397
1619 1960 1799 2005 decessit,

270 2034 305 2068 p.
334 2023 411 2068 115,
439 2024 460 2059 9
489 2023 545 2058 ita
570 2025 904 2067 commemoratur,
930 2026 973 2058 ut
999 2032 1086 2058 eum
1114 2025 1195 2057 tum
1222 2021 1262 2056 in
1287 2021 1371 2057 vita
1396 2020 1515 2056 fuisse
1541 2024 1646 2056 recte
1676 2019 1800 2065 possit

270 2082 494 2128 concludi.³)
538 2082 632 2118 data
659 2086 718 2118 est
745 2086 874 2117 autem
901 2081 997 2117 haec
1024 2080 1193 2126 epistula
1221 2081 1271 2117 ad
1299 2080 1456 2117 eosdem
1484 2079 1723 2125 Donatistas,
1751 2079 1800 2114 ad

413 2211 441 2256 ²)
471 2220 508 2255 p.
536 2211 592 2256 84,
620 2211 652 2247 8.
846 2211 875 2257 ²)
905 2220 942 2255 p.
970 2210 1048 2256 106,
1077 2210 1181 2247 8-9.

413 2271 444 2316 ³)
474 2269 531 2308 Cf.
553 2280 613 2315 ep.
635 2272 681 2307 36
702 2280 739 2316 p.
763 2271 819 2315 62,
842 2271 863 2306 3
884 2275 922 2306 et
943 2279 1004 2315 ep.
1025 2270 1068 2305 54
1090 2279 1126 2314 p.
1151 2270 1229 2314 161,
1249 2269 1282 2305 2.
1303 2267 1422 2314 igitur
1445 2267 1691 2313 conloquium
1714 2276 1799 2301 cum

270 2330 457 2366 Fortunio
480 2330 669 2366 accidisse
692 2330 847 2366 videtur
868 2329 985 2375 paulo
1006 2332 1107 2374 post,
1130 2338 1245 2374 quam
1267 2327 1509 2373 Augustinus
1531 2326 1800 2370 episcopatum

271 2394 355 2425 erat
388 2389 566 2434 adeptus,
602 2389 758 2425 ineunte
792 2389 891 2425 forte
925 2399 959 2428 a.
995 2389 1075 2434 396,
1108 2399 1193 2424 cum
1226 2388 1277 2424 ad
1309 2388 1485 2433 episcopi
1516 2387 1801 2423 ordinationem

274 2449 420 2484 Cirtam
443 2453 635 2494 pergeret.
671 2448 912 2484 ordinandus
933 2458 1027 2483 vero
1054 2447 1262 2493 episcopus
1287 2458 1364 2483 non
1390 2447 1463 2482 fuit
1488 2456 1688 2482 successor
1713 2446 1804 2480 Pro-

272 2508 405 2553 futuri,
428 2508 678 2553 Fortunatus,
702 2508 742 2543 id
768 2508 872 2553 quod
898 2507 1064 2543 Maurini
1089 2511 1334 2552 censuerunt,
1359 2507 1428 2542 sed
1453 2507 1535 2551 ipse
1560 2505 1803 2550 Profuturus,

272 2568 337 2613 qui
368 2572 573 2614 postquam
604 2568 673 2603 sub
700 2567 813 2603 finem
842 2567 1008 2602 fortasse
1037 2567 1137 2602 anni
1157 2567 1227 2602 395
1253 2567 1301 2602 ab
1328 2566 1547 2612 Augustino
1574 2566 1802 2610 presbytero

273 2627 479 2671 epistulam
515 2627 561 2663 28
593 2627 642 2662 ad
675 2625 954 2672 Hieronymum
989 2625 1259 2670 perferendam
1294 2625 1457 2670 accepit,
1490 2635 1575 2660 cum
1609 2623 1804 2669 proficisci

273 2691 440 2733 pararet,
468 2687 676 2731 episcopus
704 2685 938 2722 Cirtensium
968 2685 1095 2721 factus
1121 2688 1160 2721 et
1181 2682 1295 2721 brevi
1320 2684 1528 2720 defunctus
1554 2687 1613 2720 est
1645 2685 1696 2729 (p.
1724 2682 1803 2728 249,

275 2746 447 2791 15-250,
472 2746 523 2791 3).
562 2756 660 2791 quae
686 2745 717 2780 si
742 2745 797 2780 ita
825 2755 866 2781 se
889 2744 1043 2790 habent,
1068 2743 1150 2780 fieri
1175 2744 1313 2789 potuit,
1337 2747 1381 2779 ut
1403 2743 1640 2780 Fortunatus
1657 2742 1801 2778 eodem

274 2809 457 2850 tempore,
493 2816 567 2851 quo
603 2802 802 2850 Megalius,
836 2804 1044 2848 episeopus
1077 2803 1328 2847 Calamensis,
1361 2808 1535 2838 mortuus
1567 2807 1637 2845 est,
1671 2801 1708 2837 id
1744 2805 1803 2838 est
