2078 3054
259 169 345 211 328

309 298 363 334 13.
416 297 515 333 filius
568 294 875 341 inseparabiliter
926 292 1025 338 patri

308 357 500 399 cohaeret,
532 355 563 390 si
591 358 721 389 tamen
749 352 813 388 vel
840 352 912 387 hoc
942 361 1025 386 ver-

309 414 397 449 bum
443 412 658 448 admittitur
701 411 741 446 in
785 410 849 445 illa
891 409 1029 445 divini-

308 474 400 517 tate,
423 474 467 506 ut
488 470 661 506 dicamus
685 467 901 513 ‘cohaeret‘,
923 467 1027 513 quod

308 539 515 574 numquam
555 527 710 563 omnino
749 526 813 562 vel
852 525 927 561 fuit
964 524 1028 561 vel

309 597 393 623 esse
425 586 567 632 poterit
597 585 678 621 ulla
705 583 893 620 distantia
920 593 1029 628 sepa-

309 648 435 680 ratum
461 644 514 679 IV
537 643 619 688 561,
646 643 701 678 26.
729 652 879 687 semper
904 640 1029 687 gignit

310 706 420 748 pater
457 705 497 738 et
534 711 683 746 semper
720 699 893 736 nascitur
929 698 1029 735 filius

310 761 363 796 IV
394 760 475 805 552,
509 760 564 795 16.
597 759 718 795 multa
751 757 959 803 separatim
992 756 1030 792 in

311 818 511 864 scripturis
556 818 604 853 de
649 816 811 862 singulis
856 814 1031 861 personis

311 877 503 920 dicuntur,
535 879 578 911 ut
608 875 824 911 insinuetur
855 873 1032 919 quamvis

312 933 579 980 inseparabilis
615 933 768 969 trinitas
804 935 936 968 tamen
968 930 1032 966 tri-

313 993 415 1029 nitas
436 992 490 1027 ΙΙΙ
512 992 592 1037 615,
611 991 644 1027 5.
666 990 819 1026 trinitas
841 989 1034 1026 catholica

314 1051 388 1087 fide
433 1051 488 1086 ita
531 1048 799 1094 inseparabilis
844 1057 1034 1089 commen-

314 1109 428 1145 datur
465 1111 503 1144 et
543 1107 723 1152 creditur,
759 1110 814 1152 ut,
852 1105 1034 1151 quicquid

315 1166 363 1203 ab
405 1177 451 1203 ea
492 1166 546 1211 fit,
589 1165 702 1202 simul
741 1164 825 1201 fieri
868 1164 917 1200 sit
959 1162 1035 1199 exi-

316 1225 549 1261 stimandum
579 1226 618 1259 et
647 1234 671 1258 a
698 1226 807 1269 patre
838 1225 876 1258 et
905 1233 928 1257 a
957 1221 1035 1257 filio

316 1286 356 1319 et
380 1282 428 1319 ab
454 1282 591 1329 spiritu
617 1284 752 1317 sancto
778 1280 796 1316 I
820 1280 876 1326 26,
902 1279 961 1325 123
988 1280 1035 1322 ct.

317 1342 370 1377 III
398 1342 479 1386 537,
508 1340 563 1376 12.
592 1340 672 1385 616,
702 1340 757 1375 14.
786 1339 840 1375 IV
869 1338 949 1384 186,
977 1337 1036 1383 10;

318 1410 365 1436 ex
392 1410 468 1445 quo
493 1398 648 1434 videtur
674 1407 759 1436 esse
784 1406 1037 1442 consequens,

319 1461 362 1493 ut
408 1457 600 1494 hominem
646 1455 800 1491 trinitas
848 1458 934 1491 tota
979 1464 1039 1490 su-

321 1515 486 1562 sceperit
526 1515 543 1550 I
584 1515 640 1559 26,
682 1515 737 1550 19.
780 1513 936 1550 homine
974 1512 1039 1549 ad-

321 1577 474 1620 sumpto
540 1583 791 1619 personarum
857 1581 1038 1607 numerus

320 1635 458 1668 auctus
492 1642 571 1668 non
604 1634 664 1667 est
697 1630 751 1665 III
784 1630 865 1674 617,
899 1629 958 1674 133
992 1629 1039 1671 cf.

322 1691 400 1736 164,
427 1691 460 1726 9.

369 1748 537 1784 Trinitas
563 1758 641 1783 non
666 1747 790 1782 minor
816 1746 854 1781 in
881 1745 1041 1791 singulis

324 1807 498 1852 personis
538 1809 597 1842 est
635 1816 750 1851 quam
789 1805 828 1840 in
866 1803 1042 1839 omnibus

323 1875 393 1900 nec
425 1865 547 1900 maior
578 1865 617 1899 in
650 1862 825 1899 omnibus
858 1873 972 1907 quam
1005 1861 1044 1896 in

325 1923 485 1969 singulis
519 1923 572 1957 III
605 1922 685 1966 625,
720 1922 776 1957 13.
809 1921 904 1956 (leus
938 1919 1042 1955 nullo

326 1985 386 2017 est
407 1984 612 2017 contentus
634 1980 720 2016 loco
745 1979 811 2015 sed
835 1979 874 2014 in
897 1988 937 2013 se
959 1977 1043 2022 ipso

326 2039 468 2085 ubique
489 2042 609 2082 totus3
634 2038 687 2073 ita
711 2041 832 2082 pater,
856 2036 912 2072 ita
932 2035 1044 2079 filius,

326 2098 380 2133 ita
413 2097 570 2142 spiritus
605 2100 774 2140 sanctus,
807 2095 863 2130 ita
893 2094 1045 2129 trinitas

327 2167 425 2192 unus
468 2145 566 2191 ⁴deus
612 2154 752 2199 ubique
800 2152 912 2189 simul
957 2155 1046 2188 sunt

327 2215 379 2249 IV
415 2214 472 2258 92,
508 2213 659 2257 20—93,
697 2213 755 2255 173
792 2222 860 2247 cur
895 2210 1047 2246 dicatur

329 2273 378 2308 ‘in
405 2283 444 2308 se
470 2271 565 2317 ipso‘
591 2274 697 2306 totus
722 2270 779 2314 96,
803 2270 836 2305 3.
862 2272 940 2304 tres
965 2277 1046 2313 per-

330 2341 445 2366 sonas
472 2340 661 2374 nusquam
689 2338 773 2364 esse
800 2327 874 2362 nisi
899 2326 937 2361 in
963 2335 1047 2361 cae-

328 2389 387 2434 lis,
421 2388 524 2423 illam
556 2397 649 2424 vero
683 2385 927 2421 divinitatem
961 2393 1048 2418 nus-

330 2457 443 2492 quam
467 2456 544 2482 non
567 2456 663 2489 esse,
687 2444 755 2480 sed
777 2443 917 2488 ubique
942 2451 1048 2487 prae-

327 2508 473 2540 sentem
494 2503 743 2548 cogitationis
764 2501 928 2537 carnalis
949 2510 1049 2535 com-

331 2563 471 2609 positio
498 2566 558 2598 est
583 2571 801 2605 vanumque
828 2560 1050 2605 figmentum

332 2622 365 2656 ll
400 2622 480 2665 710,
515 2621 573 2664 213
610 2621 656 2662 cf.
693 2619 773 2663 716,
809 2618 982 2661 16-718,
1016 2617 1050 2652 9.

333 2691 380 2715 ne
421 2679 631 2714 audeamus
675 2677 830 2713 credere
872 2675 925 2711 ita
967 2685 1052 2710 esse

337 2737 547 2773 trinitatem
591 2735 702 2781 quasi
743 2738 822 2770 tres
865 2733 1051 2779 quasdam

334 2796 512 2831 viventes
540 2794 659 2830 moles
686 2793 777 2829 licet
802 2791 988 2827 maximas
1015 2794 1054 2826 et

336 2854 611 2899 pulcherrimas
675 2860 880 2896 earumque
941 2849 1055 2884 trium

934 177 1078 213 Index
1105 175 1150 212 V.

1107 295 1302 328 tantarum
1333 302 1378 328 ac
1411 291 1545 327 talium
1576 302 1825 337 personarum

1107 360 1222 385 unam
1267 360 1352 386 esse
1396 350 1639 386 divinitatem
1682 350 1826 395 aliquid

1109 411 1287 454 quartum
1320 408 1356 443 II
1388 408 1468 452 710,
1501 409 1632 452 7—17;
1665 409 1713 450 cf.
1747 408 1826 452 715,

1109 467 1165 502 23.
1193 477 1270 503 non
1298 466 1482 502 triformis
1509 466 1604 502 deus
1633 470 1692 502 est
1719 469 1828 511 pater

1110 528 1149 561 et
1179 525 1279 560 filius
1311 528 1349 560 et
1381 525 1538 570 spiritus
1571 528 1728 560 sanctus
1761 525 1827 560 sed

1111 594 1210 619 unus
1237 583 1332 619 deus
1360 583 1412 618 IV
1436 583 1518 627 562,
1543 583 1581 626 63
1610 593 1686 618 una
1713 582 1829 628 igitur

1112 643 1237 678 forma
1270 645 1340 686 est,
1375 641 1466 686 quia
1499 651 1576 677 una
1611 641 1735 677 deitas
1771 645 1830 676 est

1111 701 1192 745 561,
1219 700 1277 744 163
1303 699 1514 735 triformem
1540 699 1601 735 dei
1627 709 1829 745 personam

1113 759 1157 794 A.
1196 758 1351 794 credere
1390 758 1566 794 inmerito
1603 757 1831 793 Pascentius

1113 816 1374 853 contendebat
1415 816 1496 861 561,
1538 816 1571 852 6.
1616 815 1832 852 cavendum

1114 879 1185 920 est,
1217 886 1265 911 ne
1298 875 1477 920 cuiquam
1507 874 1570 911 dei
1601 878 1740 910 natura
1770 874 1832 909 vel

1116 933 1236 979 patris
1261 933 1325 969 vel
1348 933 1416 969 filii
1439 932 1503 969 vel
1527 933 1684 978 spiritus
1709 932 1833 968 sancti

1115 991 1397 1028 commutabilis
1412 994 1450 1027 et
1464 990 1727 1026 convertibilis
1748 1001 1833 1026 esse

1115 1051 1306 1095 credatur,
1355 1050 1458 1095 quod
1506 1049 1714 1094 aliquando
1763 1059 1835 1090 res,

1116 1120 1215 1154 quae
1247 1108 1451 1154 significat,
1483 1118 1624 1143 nomen
1655 1107 1737 1143 eius
1768 1107 1835 1150 rei,

1117 1177 1231 1212 quam
1265 1166 1469 1213 significat,
1499 1166 1643 1211 accipit
1672 1165 1726 1200 III
1755 1165 1835 1204 618,

1117 1225 1150 1261 6.
1191 1225 1348 1270 spiritus
1388 1227 1546 1261 sanctus
1586 1224 1624 1259 in
1664 1223 1835 1258 trinitate

1119 1283 1442 1319 incommutabilis
1473 1283 1567 1319 deus
1598 1285 1658 1317 est
1685 1285 1725 1317 et
1752 1292 1837 1317 cum

1120 1344 1231 1387 patre
1261 1344 1299 1377 et
1330 1341 1407 1376 filio
1438 1351 1538 1376 unus
1570 1340 1665 1375 deus
1697 1339 1751 1374 III
1782 1340 1838 1382 73,

1120 1400 1152 1435 2.
1191 1399 1403 1435 trinitatem
1441 1397 1673 1434 invisibilem
1710 1401 1748 1433 et
1785 1397 1838 1431 in-

1119 1468 1342 1503 corpoream
1357 1461 1473 1503 atque
1488 1455 1839 1492 incommutabilem

1122 1517 1282 1552 colimus
1312 1516 1348 1551 II
1376 1516 1456 1560 710,
1485 1515 1518 1551 8.
1545 1512 1752 1550 invisibilis
1782 1516 1840 1549 est

1122 1578 1261 1610 natura
1298 1574 1392 1610 deus
1430 1584 1509 1609 non
1545 1576 1695 1608 tantum
1732 1575 1841 1617 pater

1124 1633 1191 1668 sed
1224 1637 1263 1668 et
1294 1633 1379 1678 ipsa
1408 1631 1573 1676 trinitas,
1603 1641 1702 1666 unus
1734 1630 1841 1673 deus,

1123 1701 1247 1736 neque
1282 1693 1433 1726 tantum
1468 1688 1672 1724 invisibilis
1707 1698 1841 1723 verum

1125 1749 1240 1785 etiam
1289 1747 1612 1784 incommutabilis
1660 1746 1713 1781 ΙΙΙ
1763 1745 1842 1789 293,

1127 1808 1180 1843 13.
1190 1817 1288 1852 cum,
1297 1806 1401 1852 quod
1414 1806 1454 1841 in
1466 1804 1748 1841 resurrectione
1757 1814 1841 1848 pro-

1124 1866 1299 1910 mittitur,
1331 1864 1501 1910 spiritale
1533 1873 1672 1908 corpus
1703 1861 1842 1897 habere

1127 1923 1377 1969 coeperimus,
1393 1922 1602 1958 trinitatem
1619 1921 1700 1956 sive
1716 1923 1842 1955 mente

1126 1982 1208 2018 sive
1249 1981 1412 2017 mirabili
1452 1980 1566 2016 modo
1608 1979 1722 2015 etiam
1763 1988 1843 2014 cor-

1127 2051 1218 2085 pore
1244 2050 1312 2085 pro
1340 2042 1472 2075 nostra
1497 2037 1714 2083 capacitate
1740 2036 1844 2071 vide-

1128 2099 1250 2134 bimus
1274 2098 1308 2133 ΙΙ
1331 2098 1410 2141 719,
1434 2097 1489 2132 18.
1513 2095 1633 2142 patris
1657 2098 1695 2130 et
1716 2094 1784 2129 filii
1807 2097 1845 2129 et

1127 2157 1284 2202 spiritus
1342 2156 1467 2191 sancti
1523 2152 1845 2199 appellationibus

1129 2216 1200 2250 hoc
1233 2213 1482 2260 significatur,
1512 2212 1614 2257 quod
1643 2212 1692 2247 ad
1722 2221 1762 2246 se
1792 2209 1846 2244 in-

1130 2279 1253 2314 vicem
1284 2278 1514 2321 referuntur,
1543 2286 1620 2310 non
1650 2276 1735 2319 ipsa
1762 2271 1847 2307 sub-

1131 2342 1286 2386 stantia,
1317 2351 1394 2386 qua
1422 2350 1538 2375 unum
1569 2341 1658 2374 sunt
1687 2337 1739 2371 IV
1767 2336 1848 2371 543.

1133 2407 1191 2449 173
1214 2406 1260 2447 cs.
1281 2404 1335 2439 III
1354 2403 1434 2447 626,
1456 2401 1629 2445 12—627,
1651 2401 1706 2435 17.
1728 2399 1848 2434 multa

1133 2472 1232 2513 sunt,
1263 2478 1360 2513 quae
1389 2467 1436 2502 de
1464 2463 1649 2500 trinitatis
1678 2461 1848 2497 ineffabi-

1133 2534 1241 2568 litate
1274 2531 1463 2574 dicantur,
1494 2532 1537 2564 ut
1569 2527 1655 2572 ipsa
1685 2535 1763 2560 non
1796 2524 1848 2559 di-

1135 2600 1244 2633 catur
1267 2617 1314 2621 —
1338 2593 1509 2639 alioquin
1532 2602 1609 2627 non
1634 2593 1693 2626 est
1719 2588 1849 2624 ineffa-

1134 2660 1221 2695 bilis
1255 2680 1313 2703 —-,
1349 2657 1416 2693 sed
1451 2659 1493 2691 ut
1528 2655 1601 2691 illis
1631 2653 1751 2689 ‘dictis
1787 2651 1851 2686 illa

1136 2724 1212 2760 dici
1249 2734 1327 2759 non
1363 2731 1479 2768 posse
1516 2719 1761 2764 intellegatur
1799 2715 1850 2750 IV

1136 2787 1217 2831 567,
1254 2786 1312 2829 15;
1348 2784 1442 2820 nihil
1477 2781 1631 2818 caecius
1667 2789 1757 2825 ergo
1794 2780 1852 2813 est

1137 2847 1359 2895 arrogantia
1424 2844 1576 2881 Arriani
1641 2840 1852 2884 cuiusdam,
