2078 3054
192 259 603 297 Corinthiorum

195 737 221 768 (γ’
238 745 259 769 0
276 745 292 768 r
307 745 329 767 n
345 733 454 767 eliu
470 744 486 768 s
514 733 686 767 centurio
714 732 751 766 in
777 732 833 766 his
861 736 952 766 erat.

198 1443 225 1473 (γ’
242 1449 263 1472 o
279 1450 334 1473 ru
350 1439 394 1474 el
412 1440 421 1473 i
437 1450 459 1473 u
476 1450 508 1483 s,
530 1440 735 1483 episcopus
758 1439 953 1473 Romanus

199 1569 226 1599 ι’
243 1577 264 1601 o
280 1577 295 1600 r
312 1577 335 1600 n
350 1566 492 1602 elius
529 1568 571 1601 A.
608 1568 772 1611 scripsit,
808 1572 846 1602 ut
883 1566 953 1602 sibi

203 2327 229 2361 C
246 2338 267 2361 o
283 2339 298 2362 r
316 2339 337 2362 n
354 2339 372 2363 e
388 2329 398 2362 l
416 2329 425 2363 i
441 2340 463 2363 ιι
479 2341 495 2364 s
545 2335 580 2365 et
631 2329 786 2364 Asinius
836 2329 956 2364 Pollio

205 2689 222 2712 c
239 2689 259 2713 o
276 2690 292 2713 r
308 2689 329 2712 n
346 2679 355 2713 i
373 2689 390 2713 c
406 2680 453 2714 ul
470 2691 493 2714 a
524 2691 554 2715 r.
584 2680 723 2715 Africa.

206 2754 223 2774 ι·
239 2753 260 2775 o
276 2753 292 2776 r
308 2753 331 2776 n
348 2753 370 2776 u
385 2754 439 2777 m:
508 2753 621 2787 sapor
674 2744 866 2787 fragorum
921 2747 959 2778 et
976 2767 978 2779 .

858 154 1000 189 Index
1027 153 1071 188 V.
1658 136 1736 176 175

678 257 842 294 ecclesia
912 256 967 308 112

243 320 317 363 107,
358 319 412 353 21.
453 318 532 357 401,
572 317 626 360 24,
667 316 872 365 epis-copus
913 313 967 368 113

1031 259 1215 301 gustaret,
1255 257 1298 291 A.
1338 256 1441 292 nullo
1480 257 1593 292 modo
1632 257 1739 292 venit,

1033 314 1070 349 in
1098 319 1261 350 mentem
1293 314 1311 348 Ι
1340 316 1391 359 17,
1422 315 1473 349 18.

242 377 316 421 148,
364 377 394 411 8.
440 375 582 410 Paulus
627 373 846 409 Corinthios
894 371 1258 419 italCornutus
1315 373 1515 417 presbyter
1573 372 1741 417 Hesychi

239 434 382 477 laudat,
438 438 631 478 tamquam
676 441 808 466 omnes
851 430 968 503 talesl

240 492 327 536 sint,
358 502 442 526 cum
473 495 598 525 essent
632 489 841 524 laudabiles
872 488 968 534 qui-¹

240 550 327 584 dam
355 559 485 584 eorum
517 548 569 582 111
597 548 674 591 366,
703 548 738 590 53
769 547 823 581 ita
850 539 968 591 vitu-¹,

1032 429 1181 465 litteras
1225 431 1273 465 ad
1318 431 1361 465 A.
1407 435 1445 465 et
1488 430 1531 465 A.
1577 431 1625 465 ad
1669 429 1741 464 He-

1034 487 1205 532 sychium
1246 488 1462 532 perferebat
1502 488 1552 522 IV
1592 488 1669 531 231,
1708 488 1741 522 2.

1033 546 1111 589 235,
1138 546 1169 580 5.

241 612 361 651 perat,
423 611 617 651 tamquam
678 615 810 640 omnes
873 594 1183 647 sintscorpus
1214 604 1305 648 quid
1334 604 1394 647 sit,
1425 603 1530 638 varie
1561 603 1741 638 definitur

241 665 489 708 vituperandi
518 664 551 698 ΙΙ
577 664 656 708 478,
684 663 808 698 8-19.

241 792 306 837 qui
347 792 418 826 deo
463 791 677 835 placebant,
720 800 971 835 quamquam*

242 850 279 884 in
315 849 431 883 armis
465 849 611 884 bellicis
647 848 864 883 militabant
900 847 949 881 IV

244 908 318 951 133,
349 907 401 941 12.
425 907 480 941 22.
505 912 594 942 ante
620 900 971 951 regenerationem?

242 965 398 999 missum
446 965 495 999 ad
543 975 582 999 se
627 964 805 1009 angelum
853 963 950 998 vidit

243 1023 426 1068 auditque
477 1022 526 1056 lv
578 1023 653 1066 114,
703 1022 734 1056 8.
784 1020 951 1056 Cornelii

244 1081 479 1115 centurionis
518 1080 671 1115 vocatio
711 1079 744 1113 Il
780 1080 858 1123 361,
899 1080 950 1113 16.

244 1138 418 1173 Christus
458 1138 587 1173 docuit
627 1137 844 1174 Cornelium
885 1147 952 1181 per

246 1196 398 1230 Petrum
442 1196 494 1230 Ill
535 1196 613 1239 559,
658 1196 710 1229 12.
753 1195 952 1230 Cornelius

245 1260 292 1297 et,
336 1256 400 1299 qui
440 1265 523 1289 cum
567 1254 631 1288 illo
673 1258 793 1291 erant.
837 1253 950 1288 etiam

246 1312 318 1346 iam
351 1318 509 1355 accepto
541 1312 678 1355 spiritu
710 1316 843 1346 sancto
875 1311 973 1356 fue·¹

246 1374 331 1404 iunt
363 1370 547 1412 baptizati
581 1369 630 1403 lv
662 1370 739 1413 640,
775 1370 826 1403 18.

247 1498 280 1531 ιι
311 1498 386 1541 153,
415 1498 444 1532 8.

246 1624 411 1669 aliquam
465 1625 759 1660 consolatoriam
813 1626 954 1669 epistu-

246 1682 319 1717 lam
382 1683 562 1727 mitteret,
622 1684 723 1728 quod
784 1684 953 1728 graviter

247 1741 376 1775 uxoris
437 1745 558 1776 morte
622 1746 839 1776 moveretur
902 1740 954 1775 IV

247 1799 324 1842 611,
351 1800 382 1833 4.
410 1799 470 1833 cui
497 1799 539 1833 A.
565 1809 623 1843 ep.
651 1799 718 1833 259
743 1799 954 1843 respondit,

247 1857 337 1900 quid
395 1858 504 1891 uxori
561 1862 732 1891 mortuae
789 1857 955 1900 deberet,

249 1914 492 1949 vehementer
533 1915 739 1959 obiurgans
779 1915 862 1950 eius
903 1915 953 1949 in-

249 1971 472 2014 pudicitiam
515 1972 565 2006 IV
608 1973 685 2012 612,
732 1973 783 2017 18,
828 1983 954 2017 quam-

248 2040 359 2074 quam
384 2040 456 2064 non
480 2034 629 2074 poterat
652 2030 827 2065 oblivisci
848 2035 956 2065 tanta

248 2097 341 2131 erga
387 2098 425 2122 se
472 2088 553 2122 eius
598 2088 733 2123 merita
778 2089 855 2133 613,
904 2089 976 2122 10.Ι

252 2145 292 2179 A.
319 2151 399 2180 erat
427 2150 553 2180 aetate
580 2146 714 2190 maim-3
742 2146 831 2181 olim
858 2146 956 2181 sicut

251 2202 311 2237 ille
336 2202 579 2238 Manichaeus
603 2204 639 2238 in
662 2209 832 2238 extremo
854 2204 956 2238 vitae

250 2260 419 2303 periculo
457 2266 511 2295 est
554 2261 770 2305 baptizatus
809 2261 887 2305 613,
924 2262 977 2313 3.ἱ

975 2316 977 2332 l

251 2392 335 2420 sunt
406 2387 559 2421 nomina
626 2387 795 2431 ridicula,
864 2397 960 2431 quae

251 2443 505 2489 Hieronymus
562 2445 785 2480 adversario
844 2445 957 2479 alicui

252 2501 400 2545 indidit,
441 2502 504 2546 qui
545 2513 627 2536 eum
670 2502 847 2537 hederam
888 2492 978 2555 proi

250 2559 445 2594 cucurbita
495 2559 737 2595 transtulisse
784 2559 959 2594 adfirma-

252 2622 358 2651 verat
389 2616 420 2650 11
448 2617 527 2662 322,
554 2618 584 2651 7.

257 2810 470 2836 cornorum.
517 2806 719 2845 antequam
770 2802 805 2836 in
855 2787 978 2837 ltalia:

1035 660 1087 694 111
1129 661 1206 705 550,
1252 662 1303 696 14.
1347 660 1564 705 philosophi
1609 661 1743 696 dicunt,

1034 719 1172 762 omnia,
1205 730 1301 764 quae
1336 719 1411 754 sint
1444 723 1615 763 naturae,
1648 718 1742 754 nihil

1035 787 1117 811 esse
1170 777 1273 811 aliud
1327 787 1439 822 quam
1493 787 1656 820 corpora
1705 780 1744 811 et

1035 835 1148 869 inane
1186 845 1359 880 quaeque
1396 835 1454 869 his
1491 834 1670 869 accidant
1708 833 1743 868 11

1035 893 1112 937 694,
1139 892 1191 927 17.
1217 892 1354 927 localia
1380 892 1508 936 spatia
1533 902 1609 926 non
1634 902 1744 926 occu-

1037 955 1131 993 pant
1172 951 1245 985 nisi
1286 960 1487 994 corporum
1529 950 1649 985 moles
1691 949 1743 983 111

1036 1008 1114 1052 203,
1161 1008 1216 1043 26.
1265 1008 1392 1052 spatia
1436 1008 1605 1042 locorum
1654 1007 1743 1042 tolle

1037 1066 1272 1110 corporibus,
1314 1076 1501 1110 nusquam
1542 1070 1654 1100 erunt
1696 1070 1744 1108 et,

1037 1124 1127 1168 quia
1155 1134 1341 1169 nusquam
1369 1128 1492 1165 erunt,
1522 1133 1589 1158 nec
1619 1128 1744 1165 erunt3

1037 1182 1128 1216 tolle
1172 1182 1256 1225 ipsa
1295 1191 1458 1225 corpora
1495 1181 1744 1226 qualitatibus

1038 1250 1250 1283 corporum,
1282 1250 1358 1275 non
1387 1240 1470 1283 erit,
1499 1239 1562 1274 ubi
1591 1239 1678 1283 sint,
1708 1243 1746 1273 et

1039 1297 1124 1332 ideo
1152 1308 1306 1333 necesse
1331 1301 1401 1342 est,
1426 1302 1464 1332 ut
1493 1307 1568 1332 non
1593 1297 1668 1331 sint
1695 1296 1745 1330 IV

1038 1356 1092 1399 96,
1121 1356 1152 1390 8.
1182 1356 1353 1400 cogimur
1383 1355 1556 1390 confiteri
1584 1364 1747 1398 corpora

1039 1414 1076 1447 in
1109 1413 1297 1449 infinitum
1327 1413 1460 1457 secari,
1490 1423 1563 1457 qua
1597 1423 1635 1447 re
1667 1423 1746 1446 cor-

1038 1480 1110 1514 pus
1140 1471 1284 1506 nullum
1316 1482 1399 1507 esse
1430 1471 1626 1505 minimum
1659 1470 1747 1504 sini-

1039 1533 1099 1564 tur
1129 1529 1143 1563 I
1172 1530 1203 1574 6,
1234 1530 1286 1564 10.
1318 1530 1370 1564 13.
1398 1529 1437 1564 in
1465 1539 1624 1573 corpore
1653 1529 1746 1564 nihil

1039 1588 1143 1623 aliud
1190 1588 1299 1623 videt.
1346 1588 1388 1622 Α.
1437 1587 1585 1622 laudari
1634 1598 1745 1632 quam

1038 1646 1360 1688 pulchritudinem
1435 1656 1593 1691 eamque
1664 1656 1746 1680 esse

1040 1704 1329 1749 congruentiam
1355 1704 1519 1748 partium
1547 1714 1631 1738 cum
1658 1714 1747 1748 qua—

1040 1762 1127 1796 dam
1170 1762 1309 1797 coloris
1352 1762 1543 1797 suavitate
1587 1761 1601 1795 Ι
1642 1762 1672 1805 8,
1715 1763 1746 1795 4.

1040 1820 1212 1863 corporis
1251 1821 1424 1855 valitudo
1467 1820 1748 1855 contemnenda.

1041 1888 1114 1912 non
1137 1883 1193 1913 est
1218 1883 1374 1922 propter
1396 1879 1634 1913 necessarios
1657 1888 1747 1913 usus

1041 1936 1143 1971 vitae
1181 1936 1291 1970 huius
1328 1936 1381 1970 III
1417 1937 1472 1980 48,
1512 1937 1563 1970 10.
1603 1936 1748 1971 sanitas

1042 1994 1212 2037 perfecta
1256 1995 1428 2038 corporis
1472 1994 1537 2028 illa
1577 2000 1748 2029 extrema

1040 2052 1158 2087 totius
1192 2052 1355 2087 hominis
1388 2052 1644 2087 inmortalitas
1678 2052 1748 2087 erit

1042 2109 1075 2143 II
1097 2110 1174 2153 678,
1195 2110 1249 2145 26.
1271 2114 1449 2145 creatura
1466 2110 1624 2154 spiritus
1644 2110 1748 2144 vitae

1041 2168 1241 2203 rationalis
1280 2169 1394 2203 etiam
1434 2168 1578 2203 vitiosa
1616 2168 1749 2202 melior

1041 2230 1100 2260 est
1132 2235 1302 2270 corpore,
1334 2226 1425 2271 quia
1455 2226 1557 2260 omni
1589 2235 1748 2269 corpore

1041 2283 1232 2328 quaelibet
1311 2284 1539 2328 incorporea
1613 2287 1750 2318 natura

1043 2341 1300 2384 praestantior
1327 2347 1385 2376 est
1410 2341 1463 2375 III
1490 2341 1568 2385 202,
1597 2341 1648 2375 17.
1674 2351 1748 2375 non

1042 2399 1166 2434 minus
1206 2404 1269 2434 aut
1312 2399 1475 2443 amplius
1517 2399 1749 2434 admiramur

1043 2457 1080 2491 in
1130 2467 1205 2492 uno
1256 2457 1411 2492 seminis
1459 2462 1537 2492 tam
1588 2456 1749 2499 parvulo

1043 2525 1162 2559 grano
1190 2515 1329 2558 omnia,
1358 2525 1454 2560 quae
1484 2515 1685 2549 laudamus
1713 2514 1749 2548 in

1042 2573 1187 2614 arbore,
1236 2572 1407 2616 latuisse,
1456 2583 1568 2617 quam
1619 2571 1750 2606 mundi

1043 2630 1153 2665 huius
1182 2635 1258 2665 tam
1292 2631 1484 2675 ingentem
1518 2630 1639 2664 sinum
1672 2639 1750 2663 cor-

1043 2697 1138 2731 pora
1173 2688 1443 2723 resurrectioni
1482 2688 1632 2722 futurae
1670 2691 1750 2721 tota

1043 2749 1080 2779 et
1111 2745 1257 2789 integra
1288 2745 1520 2780 redditurum
1552 2745 1583 2778 ll
1613 2745 1691 2787 549,
1722 2744 1752 2778 7.

1043 2808 1077 2836 et
1108 2804 1410 2846 omnipotentiae
1441 2803 1500 2838 dei
1532 2808 1606 2836 tam
1640 2801 1750 2836 facile
