2078 3054
312 165 410 199 linl
949 163 1196 198 Praefatio.

368 281 545 323 Codices
557 279 979 322 Vindobonenses
1002 279 1126 320 2141
1150 283 1192 321 et
1213 278 1340 320 2147
1366 293 1418 322 ex
1437 279 1583 323 eodem
1602 281 1832 336 exemplari

308 345 542 399 descriptos
565 357 658 386 csse
682 357 755 398 pro
779 343 995 398 explorato
1017 342 1165 385 haberi
1189 348 1346 399 potest;
1370 343 1429 385 ita
1453 344 1561 385 enim
1584 344 1833 399 plerumque

310 409 459 450 mirum
494 412 698 461 quantum
732 411 973 461 congruunt
1004 420 1086 448 non
1121 406 1245 450 modo
1277 407 1320 448 in
1352 407 1519 450 mendis
1552 408 1836 463 interpolatio-

308 473 434 514 nibus
456 471 631 518 lacunis,
665 471 705 511 in
730 470 991 525 compendiis
1014 471 1227 524 rebusque
1248 470 1587 525 orthographicis
1610 472 1684 514 sed
1707 473 1834 513 etiam

309 536 350 576 in
384 535 457 586 eis,
497 547 605 587 quae
636 538 710 575 aut
741 547 836 575 rasa
873 538 972 576 sunt
1003 539 1077 575 aut
1109 540 1296 576 correcta
1327 540 1572 589 comparent
1602 540 1677 576 aut
1707 548 1835 589 super

309 598 538 640 versiculos
581 603 621 639 et
659 597 700 638 in
740 597 929 652 margine
966 596 1125 639 addita.
1172 596 1278 639 haec
1318 603 1460 639 autem
1492 602 1591 640 sunt
1627 598 1836 652 permulta

307 666 434 715 atque
465 662 681 714 aliquanto
714 660 835 715 plura
866 661 906 702 in
940 660 1045 702 libro
1078 661 1188 701 2147
1223 661 1314 703 sive
1342 661 1396 702 ab
1419 662 1509 715 ipso
1531 661 1701 703 librario
1723 661 1834 703 facta

310 726 397 768 sive
421 726 473 766 ab
502 725 585 765 alia
618 738 757 765 manu.
792 737 936 765 verum
971 731 1112 766 tamen
1147 729 1191 766 ut
1224 738 1273 766 ea
1305 724 1560 779 distinguas,
1592 725 1635 766 in
1658 730 1837 779 utroque

310 788 466 840 codice,
500 787 693 842 inprimis
724 793 866 829 autem
900 788 941 828 in
974 788 1079 829 libro
1109 788 1217 829 2147
1244 801 1449 842 persaepe
1471 787 1628 830 frustra
1650 788 1835 830 elabora-

310 852 434 903 veris,
473 865 558 905 qua
589 865 632 893 re
665 851 744 893 nisi
778 864 887 904 quae
919 851 1010 893 sine
1043 851 1309 894 dubitatione
1341 851 1421 906 ipsi
1454 851 1622 893 librario
1652 851 1835 893 adtribui

311 922 518 970 poterant,
553 920 692 957 cetera
723 915 864 956 omnia
897 928 981 956 una
1012 920 1113 956 nota
1146 930 1194 956 m.
1219 918 1247 957 2
1278 914 1701 970 comprehendebam.

369 979 611 1021 Proximum
644 991 812 1032 quoque
845 978 1035 1020 codicum
1075 992 1164 1033 par,
1203 978 1467 1023 Parisinus
1505 979 1684 1020 3842A
1724 992 1833 1021 saec.

310 1043 475 1085 IX—X
513 1048 552 1084 et
595 1042 721 1083 1454
758 1055 869 1084 saec.
899 1042 951 1094 X,
992 1043 1228 1097 propinqua
1265 1043 1515 1098 cognatione
1554 1047 1618 1085 est
1653 1042 1834 1097 insigne.

310 1120 486 1160 quorum
519 1105 586 1147 hie
617 1105 777 1148 munda
810 1106 1020 1159 claraque,
1053 1106 1123 1147 ille
1155 1106 1283 1147 etiam
1306 1106 1488 1160 eleganti
1512 1106 1720 1161 scriptura
1741 1119 1837 1148 con-

310 1170 483 1226 spicuus
516 1175 664 1211 neuter
697 1169 995 1224 corrigentium
1028 1182 1156 1223 opera
1190 1175 1253 1212 est
1282 1169 1556 1212 deformatus.
1582 1169 1675 1224 ipsa
1695 1174 1837 1211 autem

312 1234 585 1289 epistularum
621 1233 748 1275 verba
781 1232 894 1274 haud
927 1233 1076 1275 leviter
1107 1238 1206 1276 sunt
1238 1238 1466 1275 retractata
1497 1239 1538 1275 et
1570 1233 1838 1288 interpolata,

311 1303 356 1339 ut
387 1311 467 1348 non
503 1297 593 1339 sine
625 1297 819 1338 cautione
851 1310 901 1338 ae
933 1296 1154 1350 diligentia
1186 1296 1252 1339 his
1284 1287 1510 1339 codicibus
1536 1297 1589 1339 sit
1621 1297 1836 1339 utendum.

312 1361 432 1403 cuius
463 1360 522 1403 rei
555 1366 601 1402 ut
639 1360 880 1415 exemplum
918 1359 1143 1415 proferam,
1184 1374 1257 1415 pro
1296 1360 1569 1402 anathemare
1606 1374 1835 1414 numquam

311 1439 393 1466 non
427 1424 631 1479 scriptum
664 1428 730 1466 est
761 1424 1134 1466 anathematizare.

370 1488 563 1541 Denique
595 1487 765 1530 easdem
800 1488 1003 1542 epistulas
1036 1488 1225 1530 continet
1255 1487 1389 1530 codex
1412 1488 1676 1531 Parisinus
1713 1489 1838 1530 1455

313 1565 422 1594 saec.
453 1552 508 1604 X,
551 1551 648 1593 olim
687 1551 968 1604 Colbertinus,
1013 1551 1092 1593 nisi
1132 1551 1245 1604 quod
1284 1551 1467 1606 epistula
1502 1552 1587 1593 ,175
1626 1552 1692 1593 bis
1729 1552 1839 1593 inest

311 1616 445 1657 altera
477 1628 530 1656 ex
561 1614 691 1657 altero
724 1614 852 1657 fonte.

369 1679 413 1734 2)
447 1678 631 1720 Alterius
663 1678 832 1732 generis
865 1678 1044 1729 codices,
1080 1679 1401 1722 Coloniensis
1425 1679 1518 1721 113
1540 1692 1649 1721 saec.
1674 1678 1837 1720 X—XI

312 1748 353 1785 et
394 1742 656 1784 Parisinus
699 1738 828 1782 3852
873 1755 982 1784 saec.
1007 1742 1171 1784 X—XI
1213 1743 1418 1797 epistulas
1462 1743 1556 1784 175.
1606 1742 1696 1783 181.
1746 1742 1837 1783 176.

316 1806 409 1848 182.
448 1806 540 1847 177.
577 1806 670 1846 183.
708 1805 789 1846 184
830 1805 988 1847 habent
1030 1812 1072 1849 et
1113 1807 1307 1861 proxima
1348 1806 1599 1862 cognatione
1642 1806 1751 1847 inter
1795 1819 1839 1847 se

314 1870 593 1912 continentur.
637 1883 814 1922 quorum
853 1870 921 1912 ille
958 1870 1011 1912 ab
1045 1870 1216 1912 indocto
1248 1871 1515 1925 inperitoque
1547 1870 1717 1912 librario
1748 1883 1839 1924 pcr-

315 1933 457 1975 multis
490 1938 531 1975 et
564 1933 775 1974 interdum
808 1934 1087 1988 ineptissimis
1119 1934 1235 1977 vitiis
1267 1934 1449 1989 scriptus
1480 1934 1697 1976 rarissima
1717 1934 1839 1975 corri-

314 1997 454 2052 gentis
493 2010 642 2038 manus
681 1997 862 2050 vestigia
899 1997 1085 2039 ostendit
1122 2011 1261 2051 neque
1297 1998 1472 2040 alterius
1508 1998 1589 2040 nisi
1625 1997 1762 2052 ipsius
1792 1997 1839 2038 li-

315 2060 453 2102 brarii.
478 2059 545 2101 hic
566 2064 708 2101 autem
732 2073 912 2113 magnas
935 2060 1064 2103 habet
1086 2061 1376 2104 difficultates.
1410 2067 1706 2116 praeterquam
1729 2061 1840 2102 enim

316 2123 426 2178 quod
469 2123 689 2177 perparvis
731 2124 880 2165 litteris
922 2125 1104 2179 scriptus
1147 2130 1223 2177 est,
1266 2126 1520 2180 permultum
1553 2124 1842 2179 corrigebatur

316 2192 356 2229 et
396 2188 450 2229 ab
493 2187 584 2241 ipso
625 2187 796 2229 librario
838 2192 878 2228 et
919 2202 943 2228 a
985 2202 1114 2230 manu
1157 2189 1283 2243 paulo
1313 2188 1558 2243 posteriore,
1599 2202 1726 2242 quam
1758 2201 1840 2229 non

316 2252 407 2294 sine
450 2250 544 2292 libri
586 2250 765 2295 alicuius
809 2265 884 2293 ms.
936 2252 1096 2294 auxilio
1150 2252 1228 2294 hoc
1269 2252 1409 2295 officio
1455 2252 1699 2294 defunctam
1747 2264 1842 2293 esse

316 2320 444 2370 patet.
488 2328 582 2355 cum
625 2328 723 2356 vero
766 2315 985 2369 utriusque
1026 2322 1068 2357 et
1110 2316 1318 2371 scriptura
1349 2321 1390 2358 et
1420 2320 1716 2367 atramentum,
1760 2329 1842 2368 quo

316 2378 556 2429 utebantur,
599 2378 834 2421 consimilia
876 2379 972 2432 sint,
1014 2379 1068 2420 ad
1108 2384 1247 2422 utrum
1285 2379 1488 2422 correctio
1518 2378 1744 2421 referenda
1773 2378 1842 2431 sit,

316 2455 444 2497 saepe
476 2445 539 2483 est
571 2453 643 2483 cur
673 2441 856 2484 dubites.
899 2442 1160 2486 commodius
1191 2457 1291 2485 vero
1328 2456 1395 2486 res
1428 2456 1474 2485 se
1505 2442 1635 2485 habet
1669 2442 1714 2484 in
1755 2442 1842 2497 epi-

316 2505 438 2548 stulis
474 2505 566 2546 102.
606 2505 700 2547 177.
738 2505 831 2547 183.
868 2506 964 2559 184,
1006 2507 1081 2549 ubi
1118 2507 1197 2550 etsi
1237 2507 1395 2559 crebro,
1438 2511 1579 2548 tamen
1612 2519 1723 2548 unus
1754 2505 1843 2548 fere

316 2569 513 2611 librarius
543 2569 778 2612 correxisse
809 2569 1016 2612 videatur.
1051 2570 1122 2624 qui
1154 2569 1321 2612 codices
1352 2583 1447 2612 cum
1480 2570 1522 2611 in
1555 2569 1737 2625 epistula
1762 2569 1840 2609 177

317 2638 482 2675 tantum
524 2632 647 2675 modo
686 2632 902 2676 codicibus
941 2634 1169 2689 superioris
1206 2634 1378 2688 generis
1410 2634 1495 2676 sint
1526 2633 1724 2688 oppositi,
1765 2633 1841 2674 ali-

317 2697 512 2751 quotiens
535 2697 611 2739 soli
635 2709 775 2738 veram
801 2702 972 2739 tuentur
1001 2698 1237 2750 lectionem,
1270 2697 1380 2739 utin
1403 2712 1441 2752 p.
1467 2697 1564 2750 682,
1598 2698 1641 2751 23
1676 2697 1773 2749 685,
1797 2697 1840 2749 23

322 2761 392 2813 163
432 2760 493 2801 17.
527 2760 569 2801 in
603 2760 805 2802 extremis
837 2761 1030 2816 epistulis
1069 2762 1146 2802 17ῑ)
1180 2766 1221 2803 et
1257 2761 1333 2802 177
1360 2766 1534 2814 uterque
1557 2761 1690 2803 codex
1713 2760 1842 2802 adno-

320 2828 454 2865 tatum
487 2822 635 2865 habet:
673 2823 850 2865 Contuli.
