2078 3054
253 169 338 211 202

307 299 338 333 si
361 299 594 336 auctoritate
615 299 765 344 iudicis,
788 310 900 345 quem
923 298 1022 334 ultro

300 356 494 403 elegisset,
517 358 661 393 totiens
685 357 916 402 vinceretur,
938 367 1016 392 non

300 415 471 451 futurum
510 426 594 451 esse
633 420 710 451 tam
752 415 1016 460 inpudentem,

299 478 341 509 ut
383 474 421 508 in
463 484 509 509 ea
551 484 670 509 causa
711 473 938 516 persisteret
980 473 1016 507 ΙΙ

299 532 378 575 421,
415 532 469 566 11.
504 531 731 566 Donatistas
765 531 805 566 in
839 535 917 567 tam
952 541 1036 576 pc-.

300 589 435 625 stifera
471 594 508 625 et
545 589 734 635 sacrilega
773 590 1015 634 praecisione

299 647 405 682 nulla
441 658 502 682 res
540 648 705 693 cogebat
742 658 940 684 remanere
980 647 1015 682 II

302 705 378 750 108,
401 705 459 749 283
483 705 530 747 cf.
553 705 631 751 149,
652 706 684 741 6.
706 706 785 751 215,
806 707 837 741 7.
858 706 937 751 398,
961 705 1014 741 11.

297 764 377 808 470,
409 764 441 799 7.
473 763 553 808 472,
587 764 640 799 19.
673 764 752 809 482,
788 764 841 798 11.
871 764 950 809 631,
982 765 1014 800 4.

297 821 527 858 Donatistae
564 821 768 858 ecclesiam
805 833 883 858 non
918 822 1016 858 divi-

297 890 433 915 narum
498 879 715 916 litterarum
781 880 1014 916 auctoritate

297 939 596 984 cognoscebant,
645 939 713 974 sed
761 939 1015 974 humanarum

296 996 575 1032 calumniarum
611 997 787 1033 vanitate
823 996 1016 1043 confinge-

297 1055 390 1091 bant
431 1055 488 1089 -IV
534 1055 566 1100 2,
612 1055 666 1090 16.
712 1055 751 1091 in
798 1054 1015 1090 Donatistis

297 1117 408 1149 erant
430 1113 609 1159 scientes,
630 1113 723 1159 quid
744 1124 879 1150 verum
900 1117 1014 1159 esset,

297 1175 335 1207 et
365 1182 434 1216 pro
463 1171 710 1208 animositate
739 1182 831 1208 suae
859 1182 1015 1216 perver-

296 1230 424 1265 sitatis
468 1233 604 1265 contra
646 1230 853 1266 veritatem
897 1230 1014 1266 etiam

297 1288 369 1324 sibi
410 1288 652 1324 notissimam
694 1288 926 1324 dimicantes
979 1287 1015 1322 ΙΙ

296 1347 375 1391 455,
407 1347 439 1382 3.
472 1346 692 1382 schismatis
722 1347 867 1383 crimen
897 1347 1013 1383 etiam

297 1405 494 1440 haeresem
521 1405 620 1441 male
647 1405 936 1450 perseverando
962 1405 1015 1440 fe-

297 1467 430 1498 cerunt
465 1462 500 1498 ΙΙ
533 1463 612 1508 400,
646 1464 681 1507 7;
715 1463 791 1508 ipsi
823 1474 864 1499 se
898 1473 1014 1509 nega-

296 1522 390 1557 bant·
416 1521 633 1557 haereticos
658 1521 712 1556 IV
735 1522 792 1568 24,
818 1522 872 1557 11.

341 1590 437 1625 Pars
456 1590 600 1626 Donati
619 1591 657 1626 in
678 1591 761 1626 sola
779 1594 862 1627 erat
882 1590 1014 1626 Africa

298 1648 350 1683 IV
377 1649 456 1694 346,
484 1649 518 1693 93
550 1650 596 1691 cf.
624 1648 659 1684 ΙΙ
687 1649 764 1694 111,
793 1649 847 1684 19.
876 1649 953 1694 142,
981 1649 1013 1684 4.

299 1707 376 1752 150,
400 1707 432 1742 6.
456 1707 536 1751 326,
562 1708 615 1743 19.
637 1708 716 1753 596,
742 1707 796 1743 17.
820 1707 875 1742 III
899 1707 956 1752 35,
980 1707 1012 1742 4.

295 1766 352 1810 36,
383 1766 415 1801 9.
446 1765 499 1800 IV
528 1766 561 1810 3,
593 1766 647 1801 19.
679 1769 826 1802 certum
857 1769 927 1811 est,
958 1765 1013 1800 in-

296 1824 378 1869 quit
414 1823 470 1868 A„
509 1834 673 1869 magnae
710 1824 813 1868 parti
848 1823 1014 1859 Romani

295 1882 411 1927 orbis,
446 1893 493 1918 ne
528 1882 655 1918 dicam
689 1882 806 1918 etiam
838 1882 1014 1918 barbaris

295 1940 475 1984 gentibus
517 1940 690 1986 ignotam
735 1950 819 1976 esse
863 1944 1034 1984 partem.

296 1997 439 2033 Donati
482 2008 552 2033 nec
595 2009 661 2034 eos
704 1998 860 2034 omnino
904 1998 1013 2043 scire,

296 2056 358 2092 vel
401 2056 556 2102 quando
600 2056 663 2093 vel
704 2056 842 2102 quibus
885 2056 1013 2092 causis

297 2118 434 2150 exorta
463 2115 513 2150 sit
543 2115 618 2150 ista
648 2114 840 2150 dissensio
870 2114 906 2149 II
933 2115 1012 2159 397,

298 2173 351 2208 17.
378 2173 424 2209 de
452 2172 745 2208 Donatistarum
772 2183 931 2208 numero
958 2172 1013 2207 ΙΙΙ

295 2231 351 2266 38.
386 2231 418 2266 9.
454 2231 492 2265 in
529 2231 760 2275 populorum
796 2230 1014 2266 liberando-

296 2300 379 2324 rum
402 2289 692 2334 comparatione
715 2289 901 2333 perpauci
924 2292 1011 2324 sunt

298 2346 349 2380 lv
378 2347 431 2390 13,
458 2347 490 2382 6.
519 2347 693 2382 nonnulli
720 2358 767 2382 ex
795 2346 1012 2382 Donatistis

296 2404 473 2441 volentes
519 2405 590 2440 sibi
636 2405 821 2440 Arrianos
865 2403 1013 2440 Gothos

297 2462 504 2498 conciliare
539 2463 720 2498 dicebant
755 2463 826 2498 hoc
861 2473 900 2498 se
935 2473 1014 2498 cre-

297 2521 399 2556 dere.
428 2521 531 2566 quod
559 2526 595 2556 et
623 2521 677 2557 illi
704 2521 916 2563 crederent,
945 2521 1011 2556 sed

297 2579 484 2614 maiorum
505 2589 659 2614 suorum
679 2579 911 2614 auctoritate
932 2579 1014 2614 vin-

299 2638 483 2672 cebantur
514 2637 566 2671 lv
597 2637 629 2678 2,
661 2637 694 2672 1:
725 2636 771 2672 of.
804 2636 838 2671 11
872 2637 948 2681 114,
981 2627 1034 2672 a*

677 2695 926 2730 Arrianorum
976 2699 1034 2730 et·

299 2752 589 2788 Donatistarum
622 2755 693 2789 hoc
724 2753 883 2789 interest
912 2763 1034 2802 erro-7

299 2822 389 2845 rem.
419 2811 519 2856 quod
550 2810 777 2846 Donatistae
806 2821 920 2845 unam
949 2810 1034 2845 tri-i

300 2869 433 2904 nitatis
477 2869 733 2904 substantiam
779 2868 1034 2920 confitebetur-2

297 2696 376 2730 476.
424 2695 479 2729 24.
527 2695 627 2730 intel·

1054 936 1300 987 Donatus

926 184 1068 220 Index
1098 186 1141 220 V.

1101 303 1162 335 tur
1192 304 1241 344 et,
1273 301 1303 336 si
1331 301 1450 348 aliqui
1480 303 1667 340 minorem
1698 304 1815 340 filium

1101 368 1186 394 esse
1221 359 1416 406 dixerunt,
1451 372 1565 406 quam
1602 367 1713 406 pater
1748 368 1817 407 est,

1101 416 1273 452 eiusdem
1307 421 1436 454 tamen
1468 420 1708 457 substantiae
1742 432 1817 457 non

1103 479 1295 519 negarunt
1320 475 1372 510 IV
1398 477 1427 521 1,
1452 477 1483 512 7.
1510 477 1548 512 in
1573 477 1707 514 Africa
1732 479 1818 524 ipsa

1102 532 1320 577 complures
1346 539 1477 578 partes
1503 535 1630 572 factae
1657 542 1746 573 sunt
1769 548 1816 574 ex

1102 594 1212 634 parte
1247 590 1390 627 Donati
1425 591 1460 627 II
1494 594 1573 638 470,
1609 595 1664 630 20.
1698 595 1817 630 Maxi-

1100 648 1368 685 mianistarum
1429 650 1529 686 inter
1590 651 1818 689 Donatistas

1102 706 1268 742 schisma
1290 717 1325 743 v.
1349 707 1673 755 Maximianistae,
1699 711 1818 747 Maxi-

1100 764 1263 800 mianus.
1311 774 1402 810 pars
1448 766 1592 812 Rogati
1637 769 1818 805 brevissi-

1101 834 1203 858 mum
1241 823 1406 860 frustum
1443 825 1566 870 partis
1601 825 1744 862 Donati
1781 837 1816 862 v.

1100 879 1341 927 Rogatistae,
1367 881 1555 928 Rogatus.

1381 955 1516 988 auctor
1598 953 1817 989 schismatis

1102 1008 1220 1045 fuisse
1248 1009 1520 1046 manifestatus
1545 1015 1603 1047 est
1627 1011 1679 1046 IV
1703 1013 1759 1058 41,
1785 1013 1816 1048 5.

1100 1066 1393 1103 Donatistarum
1443 1072 1579 1104 auctor
1629 1073 1816 1116 paterque

1100 1124 1276 1161 Donatus
1317 1125 1354 1160 ΙΙ
1394 1126 1473 1171 482,
1517 1127 1549 1162 6.
1592 1128 1631 1162 in
1673 1127 1816 1164 iudicio

1100 1183 1315 1228 episcopa-li
1353 1184 1498 1221 Romae
1538 1185 1641 1221 facto
1680 1187 1817 1223 adver-

1101 1252 1165 1278 sus
1207 1241 1469 1279 Caecilianum
1510 1243 1646 1280 aderat
1686 1244 1722 1279 II
1761 1245 1817 1289 87,

1101 1301 1156 1335 24.
1199 1305 1447 1337 accusatores
1489 1301 1552 1337 vel
1592 1306 1712 1338 testes
1753 1303 1815 1338 vel

1100 1369 1253 1404 quoquo
1312 1359 1427 1395 modo
1487 1370 1627 1395 causae
1687 1371 1816 1397 neces-

1101 1417 1204 1462 sarii,
1246 1417 1311 1463 qui
1352 1428 1400 1453 ex
1442 1417 1576 1453 Africa
1615 1423 1816 1463 venerant,

1100 1485 1185 1510 cum
1212 1479 1445 1526 *praesentes
1477 1475 1654 1521 fuissent,
1688 1488 1710 1512 a
1742 1476 1816 1512 Do-

1099 1537 1191 1568 nato
1228 1534 1446 1570 subtractos
1481 1545 1566 1570 esse
1599 1534 1814 1578 dicebatur;

1100 1601 1196 1637 quos
1233 1602 1318 1627 cum
1357 1602 1396 1628 se
1434 1603 1518 1628 esse
1556 1593 1815 1629 exhibiturum

1099 1659 1177 1684 non
1218 1650 1335 1685 semel
1375 1650 1442 1686 sed
1482 1650 1638 1695 saepius
1676 1651 1816 1695 promi-

1100 1707 1225 1752 sisset,
1251 1708 1416 1753 amplius
1440 1709 1488 1743 ad
1514 1708 1608 1744 illud
1632 1709 1815 1744 iudicium

1100 1766 1284 1802 accedere
1321 1766 1443 1801 noluit
1483 1766 1518 1800 II
1554 1767 1611 1811 97,
1647 1768 1679 1802 7.
1727 1766 1815 1802 Mel-

1099 1824 1267 1869 chiades,
1295 1825 1360 1870 qui
1387 1824 1570 1860 iudicium
1597 1825 1815 1867 exercebat,

1100 1881 1293 1918 Donatum
1345 1883 1480 1921 solum.
1532 1893 1644 1928 quem
1696 1882 1815 1918 totius

1099 1940 1190 1977 mali
1229 1941 1444 1986 principem
1485 1941 1699 1985 invenerat,
1739 1951 1815 1976 ma-

1100 1998 1201 2034 xime
1232 1999 1403 2043 culpavit
1432 1999 1466 2032 ῙΙ
1495 1999 1549 2040 98,
1579 1999 1609 2032 8.
1639 1998 1815 2033 Donatus

1099 2056 1282 2091 Deuterio
1310 2062 1344 2092 et
1374 2057 1567 2092 universis
1597 2056 1814 2091 Maurorum

1099 2114 1305 2159 episcopis,
1342 2115 1406 2160 qui
1441 2124 1525 2150 cum
1562 2114 1814 2150 traditoribus

1099 2173 1286 2208 unitatem
1330 2172 1516 2217 fecerunt,
1559 2172 1815 2208 communica-

1099 2231 1164 2266 bat
1188 2230 1224 2265 II
1248 2231 1326 2274 487,
1350 2231 1381 2265 6.
1419 2230 1478 2266 Aa
1502 2231 1665 2265 alterum
1689 2231 1814 2265 Dona-

1100 2292 1191 2331 tum,
1234 2290 1475 2324 notissimum
1519 2289 1626 2323 illum
1668 2290 1814 2334 episco-

1097 2357 1188 2391 pum
1221 2347 1578 2391 Cartleaqinensem‚
1614 2346 1814 2388 reserenda

1100 2403 1296 2440 'ridentum

1146 2462 1403 2498 Maximianus
1467 2463 1667 2498 dicebatur
1730 2472 1814 2498 esse

1099 2520 1241 2555 Donati
1288 2521 1529 2566 propinquus
1576 2519 1611 2554 H
1659 2520 1735 2561 108,
1781 2521 1813 2555 3.

1098 2579 1201 2623 quod
1260 2578 1433 2613 nonnulli
1492 2589 1539 2614 ex
1597 2577 1813 2613 Donatistis

1099 2637 1280 2672 dicebant
1316 2637 1386 2671 hoc
1427 2647 1465 2671 se
1506 2636 1674 2680 credere,
1710 2635 1812 2681 quod

1099 2695 1215 2730 etiam
1269 2694 1423 2729 Arriani
1476 2693 1691 2739 crederent,
1743 2702 1812 2727 nec

1099 2752 1274 2787 Donatus
1298 2752 1379 2796 ipsc
1403 2751 1455 2787 sic
1479 2751 1690 2786 credidisse
1713 2751 1813 2786 dice-

1100 2811 1211 2845 hatur
1233 2810 1285 2844 IV
1305 2810 1336 2848 2,
1361 2810 1391 2844 2.
1415 2820 1504 2854 pars
1526 2808 1669 2844 Donati
1689 2808 1812 2852 primo

1099 2868 1203 2913 apud
1226 2867 1499 2914 Carthaginem
1522 2877 1612 2911 pars
1634 2865 1812 2901 Maiorini
