2078 3054
851 124 1091 159 Praefatio.
1605 124 1722 158 linll

269 244 313 283 35
356 243 403 284 In
446 243 565 284 tertio
613 241 802 283 codicum
849 254 1004 295 genere
1051 240 1324 282 inveniuntur
1371 245 1454 281 tres
1501 240 1726 294 epistulae:

216 307 306 347 17:⁷2.
346 306 437 346 181.
472 306 566 346 201.
612 304 778 347 codices
819 311 960 346 autem
1003 309 1101 346 sunt
1134 304 1407 345 Vaticanus
1451 303 1576 343 1342
1618 317 1725 345 saec.

214 369 469 420 VII—VIII,
518 368 824 410 Barbcriuus
874 367 984 409 XIV
1027 368 1088 407 52
1135 380 1244 409 saec.
1288 367 1465 417 IX—X‚
1513 367 1724 408 Lauren—

212 434 380 474 tianus
416 431 527 473 Aed.
564 432 686 473 Flor.
722 431 837 473 eccl.
863 431 922 470 82
956 443 1063 472 saec.
1089 431 1126 471 X
1159 430 1386 484 (Vaticani
1417 428 1586 471 codicis²
1621 443 1727 481 quae

211 495 362 537 dicitur
404 508 610 536 canonum
654 495 842 536 collectio
881 496 907 547 ¹)
951 501 992 535 et
1025 493 1364 535 Vercellensis
1400 493 1471 544 76,
1505 493 1564 532 46
1598 500 1726 543 (reete

211 559 404 601 LXXVI.
438 558 510 611 46)
553 571 661 599 saec.
690 558 850 598 lX—-X
890 570 982 598 cum
1024 556 1379 598 Vallieelliano
1419 558 1451 597 A
1487 558 1511 596 ὃ
1555 557 1726 598 saec.X

210 627 354 664 nancta
384 635 490 673 quac
524 621 676 662 dieitur
708 634 916 662 canonum
941 620 1129 662 collectio
1152 619 1445 673 Hadriana).'-')
1479 620 1547 672 qui
1583 633 1728 661 omnes

209 699 302 726 cum
342 685 451 725 inter
486 698 530 726 se
565 685 647 725 sint
681 685 863 725 maxime
897 684 1076 737 cognati,
1118 683 1270 725 artiore
1305 683 1429 724 etiarn
1463 683 1728 736 cognationis

210 748 375 789 vinculo
409 753 506 789 sunt
538 748 746 789 coniuncti
780 747 862 789 duo
895 748 1158 801 posteriores.
1206 747 1486 789 Vercellensis
1525 751 1563 788 et
1605 746 1729 787 Valli—

210 812 424 853 eellianus.
469 811 542 853 sed
578 812 806 853 Vaticanus
846 811 977 852 codex
1019 811 1057 850 in
1092 810 1243 859 indice,
1290 810 1400 851 unde
1433 810 1538 851 liber
1569 810 1726 864 incipit,

209 889 353 917 omnes
387 874 554 928 quidem
590 875 681 916 illas
714 881 798 915 tres
831 874 1034 928 epistulas
1068 873 1272 915 indicatas
1304 873 1447 925 habet,
1481 873 1554 915 sed
1589 880 1727 914 tamen

209 952 293 979 una
335 945 497 979 tantum
542 938 724 992 epistula
757 937 837 977 201
882 938 922 978 in
967 950 1014 977 eo
1058 936 1316 991 1·eperitur.²'')
1362 938 1402 977 in
1446 936 1588 978 codice
1630 937 1726 977 Bar-

211 1002 354 1043 bcrino
387 1001 486 1042 XIV
520 1002 575 1042 52
607 1001 828 1055 epistulam
868 1001 940 1041 181
978 1001 1081 1042 miro
1115 1013 1214 1042 casu
1249 1000 1499 1054 praeterisse
1533 1013 1597 1041 me
1630 1014 1727 1054 pae-

208 1066 323 1107 nitet.
368 1065 562 1117 ‹piamvis
604 1065 644 1105 in
688 1070 803 1105 tanta
846 1064 991 1105 horum
1033 1063 1223 1105 codicum
1262 1063 1536 1105 similitudine
1575 1064 1727 1104 nullius

209 1129 294 1169 fere
334 1128 531 1169 momenti
573 1127 612 1168 id
646 1141 736 1169 esse
776 1128 1047 1169 concesseris.
1091 1127 1225 1168 codex
1260 1127 1540 1169 vercellensis
1574 1128 1639 1178 76,
1673 1127 1727 1166 46

208 1193 480 1245 neglegenter
522 1191 927 1244 mendosissimeque
973 1192 1154 1245 scriptus
1193 1204 1330 1242 neque
1371 1191 1452 1231 ullo
1490 1190 1726 1244 corrigendi

208 1256 346 1296 labore
390 1259 619 1309 temptatus
662 1261 737 1296 est.
781 1255 1096 1295 Vallieelliauus
1135 1256 1167 1294 A
1208 1254 1232 1293 ὃ
1275 1262 1413 1295 autem
1458 1268 1508 1295 m.
1536 1255 1559 1293 ‘2
1602 1254 1724 1295 corri-

206 1319 386 1372 gebatur
428 1318 524 1359 boni
563 1318 654 1358 libri
694 1331 768 1359 ms.
808 1332 898 1371 ope,
943 1317 1054 1359 unde
1094 1318 1281 1368 manavit
1321 1316 1423 1357 illud
1469 1318 1641 1358 imitatis
1684 1318 1724 1357 iu

208 1382 388 1435 epistula
422 1382 501 1422 201
539 1395 576 1435 p.
602 1382 696 1432 296,
731 1383 770 1432 ὅ,
804 1395 895 1421 cum
930 1394 1074 1422 omnes
1097 1380 1294 1421 tredecim
1321 1379 1486 1422 codices
1509 1393 1727 1434 perperam

209 1445 402 1486 utilitatis
433 1445 723 1499 p1·aebeant.⁴)

263 1510 306 1547 4·
340 1508 543 1557 Quartum
583 1507 773 1548 codicum
813 1522 948 1561 genus
982 1521 1107 1548 unam
1149 1507 1375 1561 epistulam
1415 1508 1492 1547 182}
1527 1507 1653 1549 babet
1686 1515 1727 1549 et

206 1577 368 1612 constat
402 1586 454 1612 cx
487 1585 568 1612 uuo
593 1572 734 1613 codice
761 1571 1004 1612 Vaticano
1028 1572 1153 1612 3787
1189 1583 1299 1612 saec.
1325 1571 1386 1611 XI
1421 1571 1474 1611 in.
1502 1571 1727 1625 <Avellana

205 1648 311 1687 quae
345 1634 496 1676 dieitur
528 1649 734 1676 canonum
769 1633 1040 1687 collecti‹›J‘›;·‘’)
1073 1634 1249 1675 alterum
1283 1634 1391 1675 enim
1427 1634 1725 1675 Vaticanum

205 1699 325 1737 4961
358 1711 466 1739 saec.
488 1699 545 1738 Xl
571 1711 621 1739 ex
647 1698 715 1738 illo
738 1698 1037 1751 transcriptum
1062 1710 1155 1739 esse
1174 1696 1271 1738 Otto
1290 1697 1506 1739 Guenther
1528 1698 1569 1738 in
1589 1698 1725 1740 CSEL

206 1761 368 1802 XXXV
391 1762 544 1815 proleg.
570 1776 608 1813 p.
634 1761 988 1801 XVIII-xxffl
1012 1761 1316 1802 demonstravit
1338 1774 1476 1814 neque
1499 1762 1724 1815 quicquam

206 1825 245 1864 in
280 1824 459 1877 epistula
490 1824 569 1864 183
597 1825 773 1878 repperi,
809 1823 918 1877 quod
942 1824 1037 1865 huie
1060 1824 1294 1865 sententiae
1318 1830 1583 1879 repugnaret.
1619 1824 1725 1865 liano

206 1887 332 1940 igitur
365 1887 587 1940 epistulam
621 1887 753 1928 codex
778 1887 955 1939 mendis,
990 1888 1398 1941 interpolationibus7
1433 1889 1593 1930 lacunis
1624 1888 1720 1929 alie-

207 1950 355 2002 nisque
387 1950 807 2004 interpretationibus
840 1964 921 1991 non
963 1964 1106 2004 parum
1147 1950 1419 2003 depravatam
1458 1951 1643 2001 exbibet,
1682 1951 1722 1991 in

206 2013 357 2065 quibus
391 2013 502 2054 vitiis
535 2013 733 2065 quoniam
768 2014 881 2054 nulla
913 2013 1142 2055 similitudo
1176 2027 1267 2054 eum
1308 2015 1458 2056 ceteris
1497 2014 1722 2065 codicibus,

206 2077 274 2128 qui
309 2076 485 2117 eandem
521 2076 744 2130 epistulam
778 2075 949 2127 habent,
983 2076 1023 2116 id
1057 2081 1121 2118 est
1152 2089 1246 2117 eum
1281 2076 1497 2119 codicibus
1530 2078 1651 2131 primi
1684 2085 1723 2119 ct

203 2140 377 2181 alterius
413 2140 582 2193 generis
621 2144 872 2193 compareat,
911 2140 1100 2192 sequitur
1132 2140 1381 2181 Vaticanum
1421 2140 1572 2181 librum
1612 2140 1720 2181 3787

206 2215 256 2243 ex
290 2203 371 2243 alio
403 2202 632 2256 archetypo
665 2202 840 2244 fluxisse
872 2208 998 2255 atque
1037 2203 1141 2244 illos.
1182 2202 1280 2255 quid
1319 2204 1447 2256 igitur
1483 2204 1647 2254 mirum,
1688 2204 1721 2245 si

207 2271 249 2306 ut
282 2279 358 2307 sua
391 2266 556 2320 propria
591 2266 691 2306 vitia
722 2266 779 2306 ita
811 2266 951 2316 etiam,
987 2266 1057 2306 ubi
1091 2266 1218 2307 ceteri
1257 2266 1350 2307 libri
1390 2267 1571 2321 corrupti
1611 2273 1722 2319 sunt,

206 2342 287 2369 non
329 2342 558 2382 numquam
602 2342 743 2370 veram
783 2329 910 2369 habet
948 2329 1201 2370 lectionem⁴.>
1241 2329 1357 2371 velut
1400 2330 1439 2370 in
1485 2344 1523 2384 p.
1560 2330 1655 2381 729,
1698 2330 1718 2368 7

204 2391 317 2433 solus
356 2392 483 2432 verba
521 2396 662 2433 contra
694 2393 758 2433 dm·
788 2393 972 2445 qratiam
1006 2392 1179 2445 lenimus
1210 2406 1295 2434 esse
1327 2395 1558 2446 conscripta
1592 2392 1719 2434 multa

265 2576 290 2618 ¹)
318 2576 497 2616 Maasscn,
523 2575 745 2610 Gcseliicbtc
773 2582 838 2610 etc.
867 2587 899 2619 p.
919 2578 1111 2611 512—520.

262 2629 289 2669 ²)
317 2627 494 2662 naasson.
523 2627 740 2662 Gcsclniclrtc
768 2631 834 2662 etc.
862 2639 894 2672 p.
914 2629 1108 2664 454—465.

263 2680 290 2716 ³)
320 2679 420 2713 llanc
447 2679 638 2723 epistulam
666 2680 822 2714 contulit
847 2679 929 2714 Joli.
951 2679 1111 2713 Morcati.

263 2733 288 2771 ⁴)
315 2731 556 2765 (¹0ntulerunt.
583 2731 666 2765 mibi
696 2732 790 2765 buu(-
817 2731 977 2766 codicem
1006 2732 1085 2764 (Iar.
1113 2730 1270 2765 Schenkl
1300 2737 1333 2765 et
1365 2732 1444 2765 Erit.
1473 2731 1642 2765 Kaliuka.

262 2783 286 2823 ⁶„
318 2782 491 2817 Mum-scu,
518 2782 736 2816 Gom-hictus*
763 2787 830 2816 etc.
859 2795 888 2826 p.
917 2785 1109 2818 787——792
