2078 3054
293 172 375 212 376

339 302 539 343 temptum3
579 298 692 333 immo
731 296 831 332 enim
868 305 960 331 vero
999 306 1055 332 re-

338 355 588 400 scripsissem,
615 356 647 391 si
675 358 711 390 te
738 354 1054 399 contempsissem

339 413 391 448 IV
418 414 474 458 82,
502 414 533 448 4.

293 471 539 507 immolaticia
586 480 675 507 carro
721 470 757 505 Π
803 470 881 514 126,
927 470 973 505 10
1017 474 1056 506 et

341 530 418 574 128,
446 530 467 564 5
494 528 648 573 (Pube).
679 528 756 572 134,
786 528 933 563 17—20.
961 528 1056 563 *hoc

338 586 626 622 immolaticium
663 590 722 622 est
758 586 870 622 idolis
906 586 941 621 II
977 586 1056 630 125,

338 645 374 689 63
404 645 451 687 cs.
482 645 560 689 125,
589 645 610 680 8
639 648 678 680 et
707 644 785 688 126,
815 644 870 679 17.
899 644 1056 689 (Pam).

292 702 618 747 impedimentum:
669 706 712 737 ut
760 705 798 738 te
846 702 895 738 ad
943 702 1057 737 istam

338 761 459 796 vitam
513 770 590 795 non
644 760 835 805 exhorter,
889 759 1057 796 coniunx

340 819 617 863 impedimento
648 823 707 854 est
736 818 789 853 IV
819 818 897 863 440,
929 818 983 854 15.

294 876 490 921 impedire:
537 880 580 911 ut
625 876 739 911 deum
785 876 935 922 diligas,
981 886 1058 911 non

341 935 478 980 diligas
532 934 726 979 mundum,
779 937 821 970 ut
873 934 912 969 in
963 933 1057 979 ipsis

340 992 449 1028 bellis
476 992 589 1028 fidem
614 995 748 1028 teneas
774 1019 782 1027 .
810 1019 818 1027 .
844 1019 865 1037 .,
888 995 956 1027 aut
980 1001 1058 1027 non

342 1051 503 1094 impedit
548 1050 716 1086 coniunx
761 1054 828 1085 aut
873 1050 1059 1094 impedire

341 1119 418 1143 non
445 1107 561 1144 debet
588 1108 640 1143 IV
668 1107 747 1152 441,
775 1107 811 1152 2;
839 1118 874 1143 υ.
902 1107 1063 1154 impedi-⁸

342 1169 521 1201 mentum.
570 1165 712 1201 nullius
760 1165 1059 1211 argumentatio-

342 1235 409 1260 nes
437 1223 649 1268 impediant
675 1223 858 1269 parvulos
886 1223 936 1260 ad
961 1223 1060 1259 salu-

343 1286 419 1318 tem
456 1281 512 1316 III
547 1282 627 1327 466,
666 1282 719 1317 13.
757 1282 850 1327 quid
887 1281 1060 1326 impedit,

344 1340 375 1375 si
434 1340 696 1385 unusquisque
756 1339 917 1385 animus,
975 1349 1060 1375 cum

343 1409 481 1443 corpus
511 1398 584 1434 hoc
613 1397 779 1434 solidum
809 1401 925 1442 caret,
956 1397 1060 1433 aliud

343 1455 484 1491 habeat
521 1466 671 1500 corpus,
709 1459 753 1491 ut
790 1456 871 1501 ipse
910 1455 1059 1491 animus

344 1524 493 1559 semper
528 1514 683 1559 aliquod
720 1524 859 1559 corpus
895 1513 1060 1549 animet?

343 1571 397 1606 III
443 1571 523 1616 492,
567 1572 589 1607 9
634 1571 804 1617 (Evod.).
850 1581 920 1607 nec
967 1571 1061 1606 satis

345 1629 504 1674 impedit
554 1630 730 1665 absolute
780 1628 836 1664 III
886 1629 967 1674 492,
1018 1629 1062 1664 28

332 1687 515 1731 ,(Evod.).
553 1687 672 1723 frater
706 1687 853 1731 Florus,
889 1686 951 1723 cui
985 1697 1063 1723 non

346 1745 516 1790 impedit,
567 1745 634 1781 sed
684 1744 836 1790 proficit
885 1745 1062 1791 fatigatio

345 1803 398 1838 IV
430 1803 508 1848 402,
541 1804 562 1839 4
595 1803 728 1849 (VaL).

301 1861 520 1905 imperiales
550 1862 656 1906 leges
685 1861 722 1895 II
751 1862 829 1906 462,
860 1862 892 1897 3.
922 1861 1001 1906 471,
1032 1861 1063 1896 8.

348 1919 426 1962 493,
452 1918 506 1954 13.
531 1919 610 1963 538,
635 1920 666 1954 7.
690 1918 745 1953 III
768 1919 848 1963 242,
872 1919 894 1953 5
918 1919 965 1954 al.
980 1920 1063 1954 sim.

301 1975 515 2020 impertitor
544 1976 677 2011 auxilii
706 1975 741 2011 II
771 1975 851 2020 520,
882 1976 914 2011 1.

301 2044 522 2089 impiissime
553 2045 588 2080 ΙΙ
618 2045 698 2090 624,
729 2045 783 2080 19.

302 2114 512 2159 impingere
531 2125 539 2148 ε
618 2114 748 2149 *venti
825 2114 1065 2160 impegerunt

353 2172 479 2217 (Vulq.
538 2172 755 2216 inruerunt)
816 2173 855 2207 in
911 2173 1066 2208 domum

350 2229 452 2265 illam
481 2230 534 2265 III
562 2230 619 2275 26,
647 2230 702 2266 21.
731 2230 788 2275 27,
815 2231 849 2267 4.

305 2299 593 2343 implicamenta
624 2300 766 2336 sacculi
796 2300 848 2335 IV
879 2301 958 2344 573,
987 2301 1019 2335 3.

304 2367 490 2412 implicari
538 2368 577 2403 in
624 2369 691 2412 (ex
740 2368 857 2411 coni.)
903 2378 1066 2413 occupa-

350 2425 475 2461 tiones
508 2426 703 2461 hominum
736 2426 788 2461 IV
819 2427 899 2470 377,
932 2427 965 2461 9.

306 2495 590 2540 improperium:
631 2495 750 2540 *quos
790 2495 990 2531 habuimus
1030 2495 1068 2530 in

353 2553 469 2588 risum
513 2556 552 2587 ct
594 2554 631 2588 ιιι
675 2553 960 2588 similitudinem
1003 2553 1068 2588 im-

354 2611 519 2655 properii
548 2611 584 2645 II
615 2611 693 2655 179,
723 2611 777 2645 11.

308 2672 345 2706 in
377 2682 462 2706 cum
494 2673 566 2707 abl.
599 2683 669 2717 pro
702 2683 797 2708 acen:
830 2672 860 2707 si
892 2672 929 2706 in
961 2672 1069 2716 solio,

355 2729 420 2764 ubi
458 2729 740 2764 descenderunt
777 2729 917 2775 pagani
956 2756 963 2763 .
1003 2756 1010 2763 .

1050 2735 1088 2790 ..1

356 2786 595 2822 Christianus
636 2787 667 2822 si
705 2787 819 2822 debet
859 2787 897 2822 in
936 2787 1087 2830 eodcm3

361 2844 456 2878 solio
511 2844 744 2880 descendere
799 2844 834 2878 11
875 2844 969 2888 ,127,
1023 2834 1087 2879 ‘23³

957 182 1097 218 Index
1124 182 1188 218 VI.

1137 297 1293 342 (Faba),
1323 298 1477 334 venisse
1508 300 1667 345 angelos
1698 301 1736 336 in
1766 311 1853 337 con-

1139 358 1273 399 spectu
1296 355 1358 391 dei
1380 356 1434 391 III
1457 357 1536 401 287,
1560 358 1614 393 14.
1638 359 1717 403 299,
1740 360 1773 395 7.
1798 360 1852 396 10.

1138 412 1180 447 11
1220 413 1268 457 (v.
1304 414 1328 449 Ζ.
1366 418 1614 460 conspectum
1650 418 1853 463 nostrum);

1138 470 1185 512 cf.
1217 471 1297 516 516,
1328 472 1363 507 3.
1395 472 1460 517 qui
1491 473 1531 508 in
1561 474 1711 510 camino
1744 475 1798 521 (v.
1830 477 1853 512 l.

1140 528 1345 574 caminum)
1387 529 1487 575 ignis
1528 531 1698 567 ardentis
1741 560 1749 568 .
1794 560 1801 568 .

1139 586 1301 631 proiecti
1333 591 1424 622 sunt
1454 588 1490 623 II
1521 588 1703 634 645,18.;
1738 591 1784 632 cf.
1819 590 1855 625 II

1140 644 1280 689 129,1
1325 645 1481 690 (Publm)
1526 646 1605 691 524,
1648 647 1703 683 20.
1747 647 1855 693 *quis

1139 702 1288 748 colligit
1318 706 1457 738 ventos
1493 703 1531 738 in
1565 704 1674 740 sinu?
1708 705 1743 740 II
1775 706 1855 750 569,

1140 760 1181 795 11
1216 760 1305 805 (sed
1335 761 1452 805 paulo
1485 761 1602 803 infra:
1634 762 1674 798 in
1708 763 1855 799 sinum?

1140 818 1179 854 id
1228 822 1288 854 est
1336 818 1483 854 animas
1532 820 1770 856 credentium
1818 822 1856 856 in

1140 876 1333 911 occultum
1384 880 1499 922 atque
1551 879 1757 923 secretum)
1809 880 1856 914 αΙ.

1141 935 1223 969 sim.
1263 933 1357 969 illud
1395 934 1442 970 de
1479 933 1576 970 libro
1615 935 1655 971 in
1692 935 1858 981 epistula

1144 991 1195 1035 (υ.
1237 991 1260 1027 l.
1305 991 1527 1037 epistulam)
1568 993 1618 1029 ad
1661 993 1855 1030 Romanos

1141 1048 1194 1084 IV
1222 1049 1301 1095 471,
1332 1050 1386 1086 11.
1414 1059 1450 1086 v.
1479 1051 1629 1087 cadere.
1658 1052 1857 1095 deputare.

1189 1117 1275 1143 cum
1302 1117 1381 1143 acc.
1409 1118 1479 1154 pro
1506 1109 1597 1145 abl..·
1623 1109 1663 1144 in
1688 1113 1857 1146 vestram

1142 1165 1287 1200 curiam
1340 1166 1464 1201 tenuit
1515 1167 1772 1212 principatum
1824 1167 1859 1203 II

1143 1223 1222 1268 143,
1263 1223 1318 1259 10.
1360 1223 1488 1260 *eritis
1528 1224 1620 1260 mihi
1659 1228 1779 1262 testes
1820 1226 1858 1261 in

1142 1279 1381 1317 Hierusalem
1410 1284 1450 1318 et
1476 1282 1515 1317 in
1543 1282 1725 1319 Iudaeam
1754 1286 1793 1319 et
1821 1283 1858 1318 in

1144 1337 1354 1374 Samariam
1397 1339 1450 1375 IV
1492 1340 1572 1384 236,
1618 1340 1672 1376 12.
1716 1341 1796 1386 241,
1838 1342 1860 1376 4

1145 1396 1227 1441 (sed
1259 1397 1332 1433 abl.
1365 1397 1400 1432 II
1432 1397 1510 1442 466,
1543 1398 1598 1434 13.
1629 1398 1711 1443 570,
1742 1398 1775 1433 6.
1807 1398 1860 1433 IV

1143 1455 1175 1499 4,
1209 1455 1265 1490 25.
1300 1455 1380 1499 287,
1416 1454 1485 1499 15).
1519 1455 1558 1490 in
1592 1455 1706 1491 aliam
1740 1456 1859 1492 fuisse

1144 1512 1374 1548 sententiam
1409 1512 1426 1548 Ι
1461 1513 1492 1557 1,
1526 1513 1560 1549 5.
1595 1514 1708 1550 deum
1743 1524 1859 1549 unum

1144 1580 1191 1605 ex
1222 1580 1298 1605 uno
1329 1570 1393 1606 vel
1423 1581 1540 1606 unum
1571 1571 1610 1606 in
1641 1582 1717 1607 uno
1749 1570 1860 1607 simul

1145 1627 1185 1663 in
1206 1638 1324 1663 unum
1347 1638 1430 1664 esse
1453 1628 1507 1663 III
1528 1629 1609 1673 506,
1633 1629 1676 1663 16
1690 1629 1859 1673 (Evod.).

1145 1685 1185 1720 in
1223 1689 1456 1731 potestatem
1498 1686 1546 1730 (v.
1588 1686 1611 1722 l.
1652 1685 1861 1731 potestate)

1144 1743 1284 1780 habere
1318 1743 1353 1778 II
1385 1744 1464 1788 739,
1496 1744 1518 1779 5
1550 1744 1706 1789 (Paua).
1739 1743 1779 1780 in
1810 1743 1861 1789 id,

1145 1802 1250 1846 quod
1278 1812 1302 1836 a
1330 1801 1519 1847 prioribus
1549 1801 1628 1837 suis
1658 1801 1862 1847 acceperit,

1146 1869 1372 1903 permanere
1413 1859 1448 1893 II
1488 1859 1567 1903 612,
1607 1860 1628 1893 2
1667 1860 1785 1904 (Max.
1825 1862 1863 1894 et

1146 1917 1306 1959 Theod.;
1340 1916 1420 1961 613,
1454 1916 1498 1952 10
1533 1919 1571 1952 et
1606 1916 1650 1952 19
1683 1917 1731 1952 ab
1764 1912 1862 1962 Auq.

1147 1984 1242 2010 corr.
1246 1974 1273 2019 ).
1305 1974 1344 2009 in
1374 1974 1412 2010 id
1443 1973 1603 2019 quisque
1634 1974 1780 2009 fallitur
1810 1973 1864 2009 III

1146 2032 1226 2078 687,
1262 2032 1315 2067 13.
1349 2033 1395 2073 cf.
1430 2031 1465 2066 II
1497 2032 1576 2077 400,
1609 2033 1665 2067 24.
1699 2031 1864 2076 Optatus

1147 2090 1185 2124 in
1254 2090 1560 2126 communionem
1630 2090 1865 2134 tolerandus,

1148 2149 1250 2193 quod
1281 2148 1425 2183 habent
1455 2147 1565 2183 codd.

1196 2210 1236 2245 in
1262 2210 1334 2245 hoc
1361 2214 1533 2254 tempore
1562 2209 1597 2243 II
1624 2210 1703 2254 655,
1731 2209 1785 2244 *5.
1813 2208 1865 2243 IV

1149 2268 1205 2312 57,
1241 2267 1319 2303 *19.
1355 2268 1435 2312 399,
1474 2268 1517 2303 15
1552 2267 1690 2311 (Val.)‚·
1726 2268 1773 2309 cf.
1811 2266 1866 2301 III

1149 2326 1228 2370 696,
1253 2326 1275 2361 9
1300 2325 1426 2370 (Pet).
1453 2325 1506 2360 IV
1531 2326 1611 2370 468,
1637 2327 1658 2361 7
1681 2325 1864 2370 (Prosp.).

1151 2383 1296 2428 *neque
1325 2383 1365 2418 in
1392 2383 1464 2418 hoc
1494 2383 1648 2418 saeculo
1676 2393 1802 2427 neque
1828 2382 1866 2417 in

1150 2440 1279 2476 futuro
1315 2440 1368 2475 IV
1402 2440 1457 2484 42,
1493 2441 1524 2475 2.
1561 2441 1615 2475 13.
1650 2441 1707 2484 43,
1742 2441 1774 2475 7.
1810 2440 1865 2474 16.

1151 2498 1230 2542 221,
1265 2498 1319 2534 12.
1353 2498 1432 2542 654,
1467 2498 1524 2540 123
1560 2498 1605 2538 cf.
1641 2497 1676 2531 ΙΙ
1710 2498 1789 2541 499,
1825 2497 1865 2531 11

1151 2556 1306 2600 (Paua).
1354 2556 1392 2590 in
1439 2555 1499 2591 dic
1546 2555 1610 2591 illo
1658 2555 1673 2589 I
1721 2556 1776 2599 77,
1824 2554 1867 2589 15

1151 2614 1312 2658 (Paulff)
1344 2614 1390 2654 (f.
1422 2613 1457 2647 ΙΙ
1488 2613 1566 2658 127,
1596 2613 1709 2648 2l'ct
1739 2613 1815 2657 128,
1849 2612 1865 2646 1

1152 2671 1307 2716 (Faba).
1362 2671 1441 2715 452,
1496 2670 1550 2705 *5.
1605 2670 1659 2705 111
1713 2671 1793 2714 496,
1844 2671 1866 2705 3

1153 2729 1322 2772 (Evoclm)
1348 2728 1400 2762 IV
1421 2708 1500 2772 586,
1523 2728 1577 2762 *6.
1601 2729 1680 2772 635,
1705 2728 1782 2762 *18
1805 2726 1867 2762 *in

1153 2786 1286 2822 diebus
1324 2786 1390 2821 filii
1428 2785 1590 2822 hominis
1629 2786 1681 2820 ΠΙ
1718 2786 1798 2829 536,
1835 2785 1867 2819 7.

1154 2843 1215 2878 *in
1258 2843 1391 2879 diebus
1437 2843 1585 2888 quibus,
1629 2842 1691 2877 *ιιι
1734 2841 1868 2877 diebus
