2078 3054
283 163 369 206 210

331 292 429 327 tanti
455 291 685 327 sacramenti
708 291 746 326 in
771 301 814 326 os
841 290 1048 326 Christiani

332 351 436 395 prius
477 350 710 385 dominicum
752 359 890 393 corpus
932 348 1048 383 intra-

332 412 390 443 ret
418 419 531 454 quam
560 408 676 443 ceteri
706 407 780 442 cibi
808 410 847 442 et
874 417 941 452 per
968 406 1049 441 uni-

333 477 484 502 versum
525 466 654 502 orbem
691 476 774 501 mos
810 465 882 500 iste
922 474 1048 500 serva-

333 528 394 559 tur
423 525 457 559 II
488 525 565 568 166,
597 524 653 559 21.
683 523 748 559 alii
778 523 918 559 cotidie
950 533 1050 558 com-

333 583 532 618 municant
546 582 699 626 corpori
721 586 760 618 et
781 582 962 627 sanguini
983 582 1048 616 do-

956 175 1099 211 Index
1127 175 1171 211 V.

1130 290 1247 326 sterio
1289 291 1336 326 de
1379 291 1423 326 A.
1464 291 1661 336 opusculis
1703 291 1840 327 adtulit

1130 348 1182 383 IV
1207 349 1287 393 397,
1315 349 1371 384 16.

1085 391 1846 451 Ευηαωιᾶῃιιωωωῆῑιιιπα

1131 465 1175 500 24
1222 458 1397 510 spiritum
1445 469 1618 501 sanctum
1668 466 1847 501 dicebant

1132 533 1217 559 esse
1249 527 1464 559 creaturam
1495 524 1548 559 IV
1580 524 1636 569 42,
1668 524 1700 559 6.

1085 580 1377 617 Eunomius
1413 592 1448 617 v.
1484 582 1629 617 Arrius.

334 641 484 686 minico,
513 640 578 675 alii
606 641 721 676 certis
749 639 883 676 diebus
912 638 1051 684 accipi·
1086 639 1396 685 Euphrates
1431 640 1572 675 flumen
1607 640 1643 675 II
1679 640 1757 684 185,
1792 639 1848 675 20.

335 703 403 734 unt
429 699 463 734 II
491 699 569 744 160,
594 699 631 743 53
658 699 704 740 cf.
732 698 810 743 162,
837 699 872 742 4;
900 709 988 733 nam
1012 697 1051 732 hi
1087 699 1154 733 Eu
1170 708 1299 744 ropa
1322 702 1437 743 atque
1462 698 1556 733 Asia
1577 697 1706 733 Helles
1730 702 1848 743 ponto

336 758 561 793 honorando
603 762 681 792 n'on
723 757 868 792 audent
910 756 1052 791 cotidie

336 826 496 861 sumere,
530 815 583 850 illi
617 815 842 850 honorando
876 825 954 850 non
988 824 1053 849 au-

334 875 428 910 dent
461 874 539 909 ullo
573 874 636 909 die
670 873 979 918 praetermittere
1014 872 1049 907 II

337 933 414 977 163,
445 933 499 967 12.
531 935 793 976 contemptum
825 931 946 966 solum
976 940 1053 965 non

337 991 421 1025 vult
473 989 581 1026 cibus
635 991 707 1025 iste
762 990 862 1025 sicut
913 998 1054 1024 manna

337 1049 535 1084 fastidium
587 1048 622 1084 II
676 1048 754 1093 163,
805 1048 861 1083 14.
915 1047 1055 1083 dixerit

337 1108 476 1153 aliquis
506 1109 584 1143 non
611 1107 753 1142 cotidie
784 1106 1050 1150 accipiendam

338 1165 610 1201 eucharistiam
660 1165 695 1200 II
744 1164 823 1209 162,
871 1165 908 1208 4;
957 1162 1055 1199 alius

337 1227 473 1270 eontra
497 1222 730 1259 auctoritate
755 1222 953 1267 antistitis,
978 1232 1056 1257 non

339 1283 497 1318 arbitrio
524 1292 604 1327 suo,
632 1292 717 1317 cum
742 1281 890 1326 liberet,
913 1281 1053 1316 debere

342 1351 382 1376 se
425 1350 613 1385 quemque
657 1339 719 1378 vel
760 1339 912 1374 auferre
956 1348 1056 1374 com-

341 1399 511 1434 munioni
539 1398 602 1434 vel
630 1398 790 1434 reddere
821 1397 899 1443 162,
928 1397 961 1433 8.

295 1468 446 1519 εὐχὴν
493 1478 579 1503 raro
618 1467 672 1502 ita
711 1466 903 1512 scriptura
939 1465 1058 1512 ponit,

340 1530 383 1561 ut
450 1526 697 1572 intellegatur
765 1524 924 1569 ‘oratio‘,
992 1523 1059 1559 sed

343 1585 564 1630 plerumque
617 1587 655 1620 et
706 1574 826 1619 multo
878 1582 1059 1618 usitatius

340 1646 474 1678 votum
489 1642 704 1688 appellatur
724 1642 829 1693 εὐχή.
848 1641 1057 1692 πρεσευχὴν

342 1711 436 1737 vero
486 1711 635 1746 semper
684 1700 898 1735 orationem
945 1700 1063 1734 vocat

344 1760 397 1794 ΙΙΙ
421 1759 502 1805 362,
528 1759 584 1794 15.
609 1759 666 1794 23.

298 1829 327 1864 E
342 1840 366 1864 u
381 1830 404 1864 d
419 1839 441 1864 ο
456 1840 480 1863 x
496 1829 546 1864 iu
562 1839 579 1870 s
655 1827 867 1874 presbyter,

344 1887 567 1923 monasterii
614 1887 652 1922 in
698 1886 823 1921 insula
869 1884 1062 1930 Capraria,

346 1947 394 1981 ad
423 1956 535 1991 quem
564 1945 609 1980 A.
639 1945 745 1981 dedit
773 1955 831 1989 ep.
859 1944 915 1979 48.

1135 757 1350 792 disiunctae
1391 756 1407 791 Ι
1447 757 1505 800 93,
1547 756 1601 791 24.
1644 758 1847 801 praecepta

1134 815 1207 850 toti
1238 814 1320 850 orbi
1350 818 1475 850 terrae
1506 814 1692 850 divinitus
1725 817 1851 850 osten-

1135 883 1188 918 sa,
1210 873 1432 918 priusquam
1451 883 1591 908 nomen
1611 876 1679 907 aut
1697 872 1851 917 Europa

1136 935 1292 976 caperet
1330 934 1397 966 aut
1437 931 1530 966 Asia
1568 931 1762 976 acciperet
1800 930 1851 965 lV

1135 990 1214 1035 519,
1243 990 1298 1025 17.

1090 1053 1120 1087 E
1135 1065 1189 1088 ur
1204 1065 1228 1088 u
1244 1064 1261 1089 s
1290 1056 1430 1089 ventus
1457 1053 1473 1088 Ι
1498 1053 1555 1098 92,
1582 1054 1615 1088 9.

1089 1117 1119 1152 Ε
1133 1129 1159 1153 ιι
1173 1127 1189 1152 s
1204 1128 1224 1154 e
1239 1117 1263 1151 b
1277 1117 1288 1152 i
1302 1128 1326 1152 u
1342 1128 1377 1161 s,
1415 1116 1620 1162 episcopus
1658 1115 1853 1151 Romanus

1137 1176 1172 1210 11
1205 1176 1283 1220 153,
1315 1176 1373 1210 20.

1092 1240 1121 1274 E
1136 1251 1161 1275 u
1175 1250 1192 1275 s
1208 1250 1227 1275 e
1241 1239 1265 1274 b
1280 1239 1291 1274 i
1306 1250 1329 1274 u
1345 1250 1362 1275 s
1401 1238 1661 1275 Caesariensis
1699 1250 1721 1274 a
1759 1238 1855 1274 Pau-

1138 1298 1215 1333 lino
1251 1297 1482 1333 venerabilis
1518 1297 1723 1342 episcopus
1759 1296 1856 1331 Con-

1140 1356 1508 1401 stantinopolitanus
1540 1355 1667 1391 dictus
1699 1355 1716 1390 I
1747 1354 1804 1399 75,
1835 1355 1855 1389 7

1139 1415 1307 1461 psalmos
1369 1414 1643 1459 interpretatus
1703 1416 1764 1449 est
1822 1412 1856 1446 Il

1138 1473 1220 1518 318,
1244 1474 1281 1518 8,
1310 1483 1408 1518 quae
1438 1471 1705 1517 interpretatio
1735 1475 1857 1506 trans-

1140 1531 1220 1566 lata
1252 1535 1311 1567 est
1342 1530 1391 1566 ab
1424 1530 1589 1566 Eusebio
1622 1528 1857 1565 Vercellensi

1142 1589 1177 1624 II
1218 1590 1299 1634 318,
1344 1589 1399 1624 13.
1444 1589 1526 1624 eius
1569 1588 1769 1624 historiam
1811 1586 1858 1621 de

1141 1648 1291 1683 cunetis
1328 1646 1563 1692 temporibus
1599 1645 1784 1682 Paulinus
1819 1645 1858 1680 in

1140 1717 1251 1741 usum
1265 1706 1380 1751 Alypi
1403 1704 1732 1740 transcribendam
1753 1713 1859 1739 cura-

1142 1764 1200 1800 vit
1226 1764 1244 1799 I
1270 1764 1326 1809 75,
1353 1764 1385 1798 7.

943 1825 1062 1870 abbas
1097 1828 1126 1862 E
1141 1839 1165 1863 u
1180 1838 1197 1863 s
1213 1838 1232 1862 e
1246 1827 1271 1862 b
1285 1828 1296 1862 i
1311 1838 1335 1862 u
1351 1838 1367 1863 s
1419 1827 1620 1862 Emisenus
1672 1835 1861 1861 commen-

1145 1886 1264 1922 tarios
1301 1886 1340 1921 in
1376 1885 1580 1930 epistulam
1616 1884 1666 1920 ad
1703 1883 1860 1918 Galatas

1145 1944 1300 1989 reliquit
1329 1944 1364 1978 II
1395 1944 1474 1988 286,
1505 1944 1537 1978 9.
1568 1943 1648 1987 376,
1677 1943 1710 1977 9.

302 2015 329 2050 Γ,
345 2027 368 2050 ιι
384 2016 397 2050 f
412 2008 428 2050 r
443 2026 466 2050 a
479 2019 496 2050 t
510 2026 531 2051 e
544 2025 561 2050 s
603 2013 803 2060 presbyter
844 2024 867 2048 a
906 2012 1063 2047 Donati·
1099 2008 1127 2042 E
1142 2019 1166 2043 u
1181 2018 1198 2043 s
1213 2018 1232 2044 e
1247 2007 1271 2042 b
1286 2008 1296 2042 i
1311 2018 1336 2042 u
1350 2017 1385 2052 s,
1422 2006 1679 2042 Vercellensis
1717 2005 1862 2050 episco-

348 2077 492 2109 starum
516 2077 624 2120 parte
649 2073 698 2108 ad
723 2072 909 2107 unitatem
934 2071 1064 2106 catho-

348 2133 460 2167 licam
491 2141 701 2167 conversus
731 2130 785 2165 111
815 2130 895 2174 247,
923 2131 955 2165 3.
986 2129 1065 2172 249,

349 2193 381 2225 9.
410 2191 454 2225 Α.
483 2190 531 2225 ad
559 2200 645 2225 cum
672 2189 777 2224 dedit
804 2199 863 2233 ep.
893 2188 970 2222 142.

303 2275 307 2291 ι
340 2272 358 2294 ιι
379 2260 385 2294 l
403 2273 423 2294 o
439 2272 463 2304 g
480 2260 489 2294 i
504 2272 552 2294 a:
606 2259 759 2304 quando
814 2257 1067 2291 manducatur
1103 2247 1131 2281 E
1146 2258 1169 2281 U
1185 2257 1202 2281 S
1217 2257 1236 2281 Θ
1251 2246 1275 2280 b
1290 2246 1300 2280 i
1315 2256 1339 2280 u
1355 2255 1372 2280 S
1433 2244 1645 2290 Pl'eSbYtffl'9

351 2323 388 2352 et
422 2318 568 2354 bibitur,
598 2327 674 2352 non
709 2317 747 2351 in
781 2315 966 2351 ebrietate
1001 2314 1067 2350 sed

353 2377 389 2410 in
421 2376 659 2411 iucunditate
691 2373 882 2410 dominica
913 2372 1068 2408 celebri-

1146 2076 1230 2111 pus,
1291 2065 1495 2111 Origenem
1556 2069 1595 2100 et
1653 2063 1858 2099 Eusebium

1147 2124 1437 2160 Caesariensem
1466 2124 1505 2158 in
1530 2122 1710 2158 Latinum
1738 2126 1861 2156 trans-

1147 2183 1236 2218 tulit
1262 2182 1298 2217 ΙΙ
1326 2182 1405 2227 318,
1437 2182 1490 2216 13.

1706 2254 1729 2278 a
1789 2252 1864 2287 quo

1150 2305 1405 2348 Hieronymus
1428 2303 1545 2338 libros
1569 2301 1735 2337 Anniani
1757 2310 1863 2335 accc-

1150 2364 1205 2408 pit
1234 2363 1285 2397 IV
1313 2363 1394 2406 300,
1425 2362 1479 2396 10.

352 2438 432 2469 tate
463 2434 646 2479 perfecta,
677 2436 767 2467 tunc
797 2431 961 2476 eulogia.
992 2440 1068 2465 non
1105 2426 1384 2471 Eusebius,
1411 2426 1458 2461 ad
1486 2436 1596 2471 quem
1624 2424 1667 2459 Α.
1682 2434 1742 2468 ep.
1756 2423 1801 2457 34
1827 2426 1863 2456 et¹

353 2492 480 2537 alogia
505 2491 719 2527 celebratur
742 2491 776 2524 ΙΙ
799 2491 855 2533 48,
880 2490 934 2524 16.
959 2488 1068 2533 panis

355 2556 451 2585 unus
486 2550 646 2585 unitatis
679 2549 804 2594 gratia
836 2548 973 2582 missus
1008 2557 1069 2581 eu-

356 2609 458 2653 logia
497 2608 539 2643 fit
578 2607 800 2652 dignatione
842 2605 1015 2641 sumendi
1055 2604 1071 2638 I

356 2668 411 2711 77,
445 2667 488 2701 24
523 2665 679 2710 (Pam),
713 2664 938 2708 accipiendo
972 2662 1070 2699 enim

356 2725 594 2759 benedicitur
622 2724 677 2767 83,
707 2723 761 2757 11.
791 2723 909 2757 frater
938 2721 1072 2755 Florus

358 2794 442 2817 (·ιιιιι
469 2783 516 2817 nd
545 2781 766 2816 llzalenseni
794 2780 954 2824 patriam
983 2778 1073 2813 fuis-

360 2846 410 2874 »ιιι
467 2841 673 2885 proiectus.
724 2838 895 2880 eulogius·

948 2845 1092 2884 mona-1

1150 2486 1194 2520 35
1220 2485 1323 2519 misit
1349 2484 1395 2519 de
1422 2493 1540 2519 causa
1565 2481 1716 2517 iuvenis
1743 2480 1866 2515 cuius-

1152 2544 1239 2578 dam
1262 2542 1451 2586 scelerati,
1474 2541 1538 2586 qui
1562 2551 1647 2575 cum
1669 2540 1718 2574 ad
1742 2539 1867 2573 Dona-

1151 2602 1263 2636 tista-s
1310 2600 1524 2643 transisset,
1571 2610 1594 2634 a
1639 2596 1867 2633 Proculiano

1154 2662 1356 2704 susceptus
1406 2662 1465 2693 est
1512 2661 1550 2692 et
1597 2655 1867 2700 rebaptizatus.

1152 2719 1275 2752 virum
1301 2728 1386 2753 eum
1412 2716 1547 2750 merito
1572 2713 1867 2758 suscipiendum.

1154 2775 1426 2819 honorabilem,
1469 2773 1750 2817 gravissimum,
1794 2769 1869 2806 exi-

1156 2836 1281 2869 mium.
1308 2833 1517 2867 ‹lm-issima
1544 2831 1733 2876 «lignitate
1761 2840 1864 2873 pruc-
