2078 3054
284 162 367 203 310

337 291 415 335 717,
442 291 473 326 6.
500 290 552 325 IV
577 290 656 333 351,
682 292 714 325 6.
741 290 829 326 inde
853 289 935 325 cius
962 286 1064 335 auc-J

330 349 467 384 toritas
495 349 720 393 praesertim
749 348 787 383 in
812 346 1063 386 damnandis,

330 406 534 442 haereticis
566 406 618 440 Ill
651 407 728 450 717,
760 407 792 441 9.
821 405 898 450 721,
928 406 960 440 3.
991 404 1043 439 IV

333 465 408 508 157,
443 465 496 500 15.
533 465 609 508 164,
645 465 697 508 19,
733 463 821 499 inde
853 462 1043 507 epistulae

330 523 482 557 ‹·0ncilii
518 521 836 566 Carthaginensis
869 525 908 557 et
941 520 1044 556 Mile-

330 581 453 615 vitani
493 585 530 616 et
569 580 736 625 quinque
773 579 1043 623 episcoporum

330 639 377 674 ad
427 638 693 673 Innocentium
740 637 938 673 Romanae
986 646 1045 672 ec-

331 696 470 733 clcsiae
499 696 723 740 episcopum
755 700 828 741 (ep.
859 695 936 730 175.
966 694 1042 730 176.

332 755 412 798 177)
449 754 500 788 IV
531 755 585 791 47.
620 754 640 788 2
673 758 707 788 ct
744 753 787 787 A.
819 753 868 788 ad
901 762 1042 797 papam

329 811 589 848 Caelestinum
641 813 714 857 (ep.
750 811 851 856 209);
897 811 943 853 cf.
991 810 1044 845 IV

330 871 408 914 598,
443 871 474 906 9.
521 869 719 905 Romanae
754 869 940 905 ecclesiae
976 877 1043 912 per

330 928 693 963 communicatorias
750 927 901 962 litteras
960 937 1042 962 esse

330 986 576 1021 coniunctum
609 985 644 1019 ΙΙ
674 986 729 1029 90,
761 984 815 1020 11.
845 984 1042 1020 Romanae

330 1043 516 1080 ecclesiae
561 1043 816 1088 apostolicum
858 1042 1042 1078 honorem

330 1102 386 1138 ait
439 1101 689 1137 Innocentius
745 1100 1042 1137 sollicitudinem

329 1170 484 1196 manere
548 1159 717 1195 omnium
782 1158 1044 1203 ecclesiarum,

331 1218 439 1252 cuius
488 1217 718 1253 sententiam
765 1226 878 1261 super
924 1216 1047 1251 anxiis

329 1276 442 1311 rebus
477 1286 561 1311 esse
593 1275 799 1311 tenendam
834 1274 1043 1310 secundum

330 1333 512 1379 antiquae
547 1333 703 1379 regulae
738 1332 912 1377 formam,
947 1342 1045 1378 quae

331 1396 412 1427 toto
447 1401 598 1436 semper
630 1392 678 1426 ab
708 1391 799 1427 orbe
834 1394 936 1426 esset
970 1400 1045 1426 ser-

331 1454 426 1485 vata
447 1449 503 1484 111
526 1450 604 1494 716,
629 1449 685 1493 133
709 1448 893 1494 quicquid
915 1458 1045 1494 quam-

330 1507 390 1543 vis
446 1507 494 1544 de
550 1507 755 1542 disiunctis
811 1506 1045 1551 remotisque

332 1565 545 1609 provinciis
587 1568 778 1611 ageretur,
818 1575 896 1600 non
937 1564 1045 1609 prius

332 1634 416 1660 esse
455 1623 676 1669 finiendum,
716 1633 830 1668 quam
868 1622 917 1658 ad
955 1632 1046 1667 apo-

333 1681 492 1718 stolicae
526 1681 629 1717 sedis
659 1681 838 1716 notitiam
869 1679 1046 1725 perveni—

332 1743 401 1784 ret,
451 1744 493 1775 ut
532 1743 615 1775 tota
650 1739 763 1774 huius
802 1738 1044 1783 auctoritate,

334 1797 436 1833 iusta
478 1808 575 1844 quae
621 1801 723 1833 esset
766 1795 1045 1841 pronuntiatio,

332 1855 548 1892 firmaretur
580 1855 635 1890 ΠΙ
667 1855 746 1899 702,
781 1855 837 1898 1ος
870 1865 938 1899 per
969 1864 1047 1889 om-

334 1924 401 1949 nes
458 1913 677 1958 provincias
733 1913 780 1947 de
836 1912 1049 1957 apostolico

333 1971 439 2007 fonte
467 1981 655 2016 responsa
680 1980 831 2015 semper
855 1980 1046 2014 emanare,

334 2029 471 2075 quibus
499 2029 712 2074 petentium
742 2028 920 2063 consulta
944 2027 1047 2063 fideli

333 2097 377 2122 ac
410 2087 561 2123 medica
591 2086 874 2130 disceptatione
907 2089 1047 2121 tracta-

335 2149 467 2180 rentur
493 2144 549 2179 ΙΙΙ
575 2144 653 2189 717,
680 2146 711 2180 7.
738 2145 816 2188 715,
844 2145 874 2179 7.
902 2147 943 2179 ut
970 2143 1048 2188 epi-

336 2203 454 2247 scopi,
494 2202 558 2248 qui
597 2203 644 2238 de
684 2213 802 2237 causa
838 2201 1048 2238 Caeciliani

334 2260 480 2296 Romae
537 2260 768 2304 iudicarunt,
827 2270 904 2295 non
958 2259 1048 2294 boni

336 2318 483 2354 iudices
524 2318 678 2362 fuerint,
719 2318 891 2353 restabat
932 2317 1047 2352 etiam

337 2375 549 2420 plenarium
604 2375 789 2412 ecclesiae
843 2376 1048 2411 universae

337 2433 540 2468 concilium
568 2433 604 2467 II
631 2434 706 2478 101,
732 2433 786 2468 16.
811 2433 849 2468 in
873 2433 1048 2468 Romana

336 2491 499 2527 ccclesia
544 2491 602 2526 his
649 2491 962 2535 hebdomadibus,
1011 2490 1049 2525 in

337 2549 474 2594 quibus
509 2552 648 2594 quarta
679 2553 715 2584 et
752 2553 863 2584 sexta
895 2552 931 2584 et
967 2549 1049 2584 sab-

337 2607 426 2642 bato
481 2607 735 2651 ieiunabatur,
787 2606 909 2642 tribus
962 2616 1050 2641 con-

337 2664 456 2700 tinuis
496 2664 630 2700 diebus
669 2664 862 2699 dominico
903 2664 1050 2700 scilicet

338 2732 383 2757 ac
440 2722 580 2758 deinde
634 2722 803 2758 secunda
858 2722 1049 2768 tertiaque

339 2780 601 2823 prandebatur
629 2778 665 2814 ΙΙ
690 2780 745 2824 49,
775 2780 808 2824 1;
838 2779 884 2821 cf.
912 2780 968 2825 37,
996 2779 1049 2814 19.

338 2836 513 2873 Romana
539 2841 577 2873 et
603 2837 810 2874 nonnullae
837 2837 1051 2873 occidentis

958 173 1101 210 Index
1129 175 1172 210 V.

1129 289 1314 326 ecclcsiae
1346 291 1505 326 sabbato
1536 296 1694 336 propter
1724 292 1843 327 humi-

1129 347 1277 384 litatem
1315 349 1450 384 mortis
1488 350 1634 385 domini
1672 350 1842 386 ieiunare

1130 405 1325 442 malebant
1362 406 1397 441 ΙΙ
1436 407 1492 452 60,
1531 408 1590 452 24;
1632 408 1678 450 ct.
1715 408 1770 453 56,
1810 409 1841 443 5.

1128 464 1208 508 364,
1244 465 1279 508 83
1317 464 1451 510 quinta
1486 466 1635 501 sabbati
1672 466 1843 502 ieiunan-

1129 521 1218 557 dum
1250 533 1327 557 non
1358 523 1562 559 videbatur
1591 524 1777 560 Romanis
1807 524 1843 559 ΙΙ

1129 580 1184 623 39,
1234 580 1265 615 5.
1315 591 1478 626 magnae
1527 583 1629 626 parti
1678 582 1843 618 Romani

1129 637 1232 673 orbis
1273 638 1413 674 nedum
1452 639 1626 675 barbaris
1663 641 1843 686 gentibus

1130 695 1265 740 ignota
1295 700 1377 732 erat
1408 707 1499 741 pars
1527 696 1671 733 Donati
1700 698 1735 732 II
1763 699 1843 742 397,

1131 753 1184 789 18.
1208 765 1230 789 a
1256 754 1456 790 catholicis
1480 755 1661 791 dicebant
1685 755 1843 791 Donati-

1130 815 1212 848 stae
1246 811 1442 848 Romanos
1477 813 1674 858 principes
1709 814 1844 850 adver-

1131 879 1212 904 sum
1243 880 1283 905 se
1312 872 1517 914 provocari
1545 871 1582 906 II
1609 872 1689 916 404,
1715 873 1747 908 3.

1083 933 1349 970 Romanus
1378 935 1585 980 episcopus
1614 936 1651 971 in
1681 937 1844 972 concilio

1130 991 1427 1038 Carthaginensi
1459 993 1585 1030 adfuit
1615 994 1670 1028 ΙΙΙ
1700 995 1779 1038 653,
1812 994 1843 1029 8.

1084 1054 1351 1091 Romanus
1391 1061 1429 1092 et
1469 1057 1594 1102 Agilis
1633 1067 1668 1093 v.
1708 1057 1843 1103 Agilis.

1130 1113 1174 1149 A.
1218 1118 1256 1150 et
1300 1114 1465 1159 Alypius
1509 1115 1666 1150 fratrem
1707 1115 1845 1150 Roma-

1129 1182 1219 1207 num
1251 1171 1408 1208 Aurelio
1440 1172 1624 1217 episcopo
1656 1183 1845 1209 commen-

1130 1229 1322 1265 daverunt
1350 1229 1386 1265 II
1415 1231 1470 1276 83,
1497 1231 1553 1266 20.

1083 1292 1424 1330 Romulidum
1452 1294 1844 1338 sedes192,1(Li-

1131 1353 1235 1387 centz·
1260 1351 1444 1396 carmen).

1084 1415 1116 1450 R
1130 1426 1152 1450 o
1167 1427 1203 1451 m
1218 1416 1269 1451 ul
1283 1427 1309 1451 u
1323 1426 1358 1460 s,
1439 1415 1638 1453 Romanae
1718 1415 1845 1462 gentis

1131 1473 1354 1517 praeclarus
1393 1474 1453 1509 vir
1492 1474 1547 1509 III
1587 1474 1663 1518 135,
1701 1475 1733 1518 6,
1771 1473 1845 1509 Ro-

1130 1542 1230 1567 mam
1263 1531 1438 1568 condidit
1471 1532 1550 1576 279,
1585 1532 1615 1567 1.

1083 1594 1358 1639 Romulus,
1392 1607 1504 1642 quem
1539 1596 1583 1631 A.
1619 1596 1657 1631 in
1692 1595 1844 1631 Christo

1130 1654 1266 1697 genuit
1320 1653 1515 1698 filiumque
1568 1653 1742 1698 appellat
1794 1653 1846 1687 IV

1131 1703 1295 1756 585,*19.
1322 1712 1401 1755 587,
1432 1712 1485 1746 12.
1516 1712 1595 1757 589,
1624 1712 1656 1751 2.
1684 1711 1844 1746 miseros

1130 1773 1170 1805 et
1210 1780 1354 1814 egenos
1396 1770 1569 1805 homines
1611 1769 1649 1804 in
1691 1770 1845 1804 tributis

1130 1827 1333 1873 exigendis
1377 1827 1507 1873 inique
1550 1828 1748 1872 premebat
1792 1827 1845 1862 IV

1131 1881 1210 1930 586,
1242 1886 1274 1921 3.
1309 1885 1362 1920 16.
1396 1885 1450 1930 A.,
1483 1886 1549 1931 qui
1581 1885 1842 1921 intercedebat

1132 1948 1169 1979 et
1199 1943 1249 1979 ad
1278 1954 1363 1979 eum
1395 1944 1510 1982 misit.
1542 1948 1583 1979 ut
1614 1954 1654 1979 se
1682 1943 1844 1981 videret.

1130 2001 1264 2038 videre
1298 2001 1423 2037 noluit
1453 2001 1506 2036 IV
1537 2002 1616 2045 587,
1649 2002 1681 2036 4.
1715 2001 1844 2046 itaque

1132 2069 1192 2103 ep.
1235 2059 1304 2094 247
1357 2059 1401 2095 A.
1456 2059 1538 2094 eius
1591 2059 1844 2103 cupiditatem

1131 2117 1353 2162 obiurgavit
1387 2117 1528 2153 iustum
1564 2117 1626 2153 dei
1661 2116 1844 2152 iudicium

1131 2175 1316 2210 minitans
1348 2174 1402 2209 IV
1429 2175 1508 2219 586,
1540 2175 1572 2210 5.

1086 2248 1138 2273 ro
1155 2249 1228 2274 sa:
1257 2241 1354 2275 rami
1381 2248 1554 2273 rosarum
1581 2238 1774 2283 virginum
1800 2259 1846 2264 —

1133 2296 1188 2331 sic
1226 2296 1326 2332 enim
1366 2296 1520 2332 clausae
1559 2295 1748 2340 appellari
1788 2304 1846 2330 so-

1132 2354 1213 2390 lent
1238 2377 1286 2381 —
1313 2354 1361 2389 de
1391 2354 1567 2398 sepulcro
1596 2356 1846 2389 surrexerunt

1133 2412 1189 2446 HI
1215 2412 1294 2456 490,
1320 2412 1364 2446 24
1392 2411 1561 2456 (Evod.).

1086 2480 1367 2526 Ruferius,
1394 2481 1455 2515 vir
1483 2480 1673 2526 egregius,
1702 2479 1744 2515 A.
1774 2483 1846 2515 rct-

1134 2539 1232 2583 tulit,
1265 2538 1355 2583 quid
1390 2538 1652 2574 Armentarius
1685 2541 1723 2573 et
1754 2537 1849 2572 Pau-

1133 2596 1224 2640 lina,
1264 2606 1424 2641 quorum
1466 2600 1548 2631 erat
1589 2595 1739 2641 adfinis,
1781 2595 1846 2630 do-

1134 2653 1238 2689 mino
1267 2654 1470 2689 vovissent
1496 2653 1552 2688 III
1582 2653 1648 2698 19,
1665 2654 1698 2688 5.

1087 2721 1424 2757 Rufinianus
1454 2722 1660 2766 episcopus
1692 2722 1730 2757 in
1760 2731 1847 2756 con-

1135 2780 1222 2816 cilio
1273 2779 1569 2825 Carthaginensi
1618 2779 1744 2815 adfuit
1792 2778 1846 2813 III

1134 2838 1213 2883 653,
1239 2838 1271 2873 3.
