2078 3054
847 114 1085 148 vinu-satin.
1644 115 1722 150 LIX

206 231 360 273 codicis
402 232 596 285 supersit,
644 231 831 272 continet
873 230 1041 284 quidem
1090 231 1310 286 epistulam
1355 231 1409 271 80
1451 243 1587 284 neque
1630 245 1727 273 vero

206 300 378 346 ceteras,
427 308 532 347 quae
570 295 739 336 suerunt
778 294 817 335 in
858 294 995 348 priore
1033 294 1103 348 (cf.
1128 308 1166 349 p.
1192 294 1253 336 XI
1286 299 1326 336 et
1359 294 1495 348 XIII).
1548 294 1725 336 eandem

206 357 428 411 epistulam
463 357 515 398 80
544 358 673 400 solam
697 357 825 399 babet
847 356 982 399 codex
1005 357 1220 400 Parisinus
1252 371 1345 399 nov.
1369 371 1459 411 aeq.
1488 358 1596 398 1443
1618 371 1726 400 saec.

205 421 379 472 IX—X,
414 434 536 474 quem
564 421 617 462 ad
650 420 966 463 similitudinem
1000 420 1205 473 codicum,
1240 434 1342 474 quos
1374 420 1496 462 modo
1529 420 1727 473 diximus,

204 497 332 538 prope
372 484 573 525 accedere
616 489 657 525 et
695 484 910 536 aliquanto
959 484 1170 526 meliorem
1220 497 1311 526 esse
1360 498 1398 538 p.
1428 483 1506 525 XV
1549 489 1613 526 est
1653 497 1726 525 ex-

205 548 397 601 positum.
432 546 614 600 denique
646 546 943 601 adiungendus
975 551 1038 588 est
1066 547 1199 589 codex
1230 547 1472 589 Casinensis
1502 546 1585 588 232
1617 560 1726 589 saec.

204 610 301 661 XII,
348 610 417 662 qui
451 612 637 652 eontinet
669 610 868 665 epistulas
900 611 967 651 30.
1002 611 1068 652 31.
1104 611 1169 652 24.
1203 610 1270 650 32.
1311 611 1400 651 121.
1437 610 1517 651 149
1555 616 1598 652 et
1629 623 1725 664 cog-

204 673 373 715 natione
404 672 586 727 adtingit
617 674 768 715 librum
802 675 1097 715 Monacensem
1132 680 1170 715 et
1204 674 1272 727 qui
1307 679 1402 715 sunt
1434 672 1621 715 eiusdem
1654 687 1724 728 ge-

207 736 316 777 neris
348 736 419 791 (cf.
444 750 481 790 p.
512 737 707 791 XLV11>;
751 737 793 778 iu
827 737 1007 791 epistula
1038 737 1117 777 149
1147 737 1233 779 sere
1264 738 1376 778 solus
1405 736 1567 778 Graeca
1599 737 1727 778 verba

208 800 355 841 litteris
389 800 560 841 Graccis
594 800 825 854 perscripta
857 800 997 852 habet,
1031 800 1182 853 quibus
1205 800 1380 842 Latinae
1413 813 1726 852 nonnumquam

204 868 301 904 sunt
331 863 563 917 impositae.

261 927 483 968 Praeterea
515 927 720 981 epistulae
754 928 807 968 25
840 931 881 968 et
913 927 965 968 27
1000 928 1276 969 inveniuntur
1306 928 1345 967 in
1375 926 1517 968 codice
1540 927 1727 969 Parisino

205 990 287 1029 989
320 1003 428 1031 saec.
454 990 515 1031 XI
549 990 608 1043 (X
640 1003 722 1033 sec,
746 991 889 1046 catal.)
922 990 1033 1032 haud
1066 1005 1212 1046 parum
1246 990 1472 1032 mendosae
1501 990 1726 1045 interpola—

206 1059 375 1105 meque,
420 1053 624 1107 epistulae
672 1053 745 1093 121
792 1059 832 1095 ct
878 1054 958 1094 149
996 1055 1036 1095 in
1073 1054 1288 1096 codicibus
1320 1053 1485 1095 duobus
1518 1066 1625 1095 saec.
1649 1054 1724 1106 XI,

206 1116 246 1156 in
279 1116 544 1170 Sangallensi
585 1116 674 1168 148,
708 1116 759 1158 de
792 1130 872 1170 quo
907 1117 1016 1170 quod
1054 1132 1092 1172 p.
1117 1118 1252 1159 XLIV
1292 1117 1449 1158 dictum
1482 1121 1557 1168 est,
1600 1118 1725 1159 etiam

203 1180 244 1220 in
287 1178 362 1221 has
405 1180 606 1233 epistulas
650 1180 773 1232 valet,
821 1186 861 1222 et
903 1182 944 1222 in
986 1181 1304 1223 Vindobonensi
1343 1181 1440 1231 875,
1473 1180 1543 1233 qui
1578 1194 1669 1221 curn
1702 1195 1727 1221 a.

204 1243 352 1284 ceteris
384 1242 599 1284 codicibus
630 1243 684 1284 sit
713 1244 888 1297 alienus,
924 1244 1034 1286 haud
1068 1244 1352 1298 spernendum
1381 1248 1444 1284 est
1474 1243 1534 1285 rei
1556 1244 1725 1286 criticae

203 1305 433 1346 subsidium
476 1306 546 1359 (xcf.
585 1320 622 1360 p.
663 1307 809 1361 XLV).
873 1308 1051 1362 epistula
1103 1310 1180 1348 149
1234 1309 1275 1349 in
1322 1306 1512 1348 Palatino
1559 1320 1723 1361 quoque

204 1368 344 1410 codiee
383 1369 460 1408 211
512 1374 642 1421 extat,
699 1383 820 1422 quem
870 1384 922 1411 cx
966 1372 1229 1430 Monacensis
1277 1370 1388 1411 620·ss
1436 1383 1592 1423 genere
1634 1384 1724 1413 esse

204 1446 330 1487 supra
362 1447 399 1487 p.
423 1432 615 1474 XXXIX
648 1437 687 1474 et
718 1434 1000 1475 XLI—XLII
1042 1433 1272 1488 docuimus,
1316 1439 1356 1475 ct
1398 1432 1604 1487 epistulae
1645 1435 1720 1474 121

205 1509 301 1549 pars
337 1497 468 1537 altera
500 1510 526 1537 a
558 1510 594 1550 p.
623 1496 717 1548 731,
762 1498 810 1537 155
843 1501 880 1539 et
914 1499 1085 1549 inimici,
1125 1498 1166 1539 id
1200 1504 1263 1540 cst
1294 1497 1417 1552 paulo
1449 1497 1630 1551 amplius
1662 1497 1722 1538 di-

206 1558 333 1599 midia
367 1559 407 1600 in
432 1558 574 1601 codiee
597 1559 826 1613 Reginensi
866 1560 972 1600 1382
1005 1574 1113 1602 saec.
1139 1562 1199 1602 XI
1235 1563 1408 1616 scripta,
1443 1561 1513 1612 qui
1535 1561 1641 1602 liber
1672 1574 1725 1602 ex

204 1622 331 1664 variis
364 1622 552 1664 codicum
586 1622 773 1676 reliquiis
806 1624 1062 1678 compositus
1095 1625 1315 1679 epistulam
1349 1639 1431 1667 non
1465 1625 1614 1666 leviter
1635 1637 1722 1666 eor-

205 1693 366 1739 ruptam
400 1686 574 1740 praebet
606 1687 747 1727 verbis
779 1693 819 1727 et
851 1687 1115 1740 interpolatis
1148 1694 1187 1728 et
1219 1688 1396 1730 omissis.

263 1749 377 1790 Libri
418 1762 531 1801 mss,
562 1762 665 1802 quos
707 1750 909 1803 epistulas
951 1750 1059 1791 inter
1096 1752 1375 1805 Augustinum
1420 1758 1461 1795 et
1500 1751 1723 1794 Paulinum

203 1812 350 1853 missas
382 1812 537 1853 habere
573 1812 712 1854 adhue
744 1812 1141 1865 demonstravimus,
1176 1828 1322 1856 omnes
1355 1821 1497 1857 carent
1530 1828 1614 1857 una
1637 1814 1722 1869 epi-

202 1875 309 1915 stula
349 1876 428 1915 1256
470 1877 523 1916 ab
562 1876 714 1930 Alypio
757 1882 796 1917 et
836 1877 1074 1931 Augustino
1111 1878 1163 1918 ad
1203 1878 1425 1920 Paulinum
1465 1879 1576 1920 data.
1620 1877 1722 1918 haec

202 1938 310 1978 enim
334 1939 422 1979 sola
445 1946 668 1992 segregata
690 1953 714 1979 a
737 1940 885 1981 ceteris
910 1941 1029 1981 nobis
1052 1941 1205 1981 tradita
1228 1947 1290 1982 est
1312 1942 1353 1982 in
1377 1943 1471 1984 aliis
1494 1941 1723 1993 codicibus,

203 2014 305 2053 quos
327 2001 381 2042 ad
411 2002 721 2042 emendandam
750 2003 861 2043 illam
891 2003 1112 2057 epistulam
1145 2017 1238 2045 eum
1271 2006 1573 2059 conquirerem,
1606 2004 1723 2058 quin-

201 2078 280 2116 que
314 2070 355 2105 ut
383 2065 619 2118 colligerem
650 2065 748 2106 mihi
779 2067 966 2120 contigit.
1001 2067 1072 2120 qui
1102 2068 1143 2108 in
1166 2067 1272 2108 duas
1294 2075 1435 2122 partes
1457 2074 1556 2111 sunt
1577 2068 1721 2109 divisi:

201 2129 332 2169 altera
374 2134 436 2169 est
480 2141 587 2169 unus
629 2128 761 2170 codex
798 2130 1136 2172 Vindobonensis
1175 2131 1257 2172 &73
1290 2145 1398 2174 saec.
1430 2133 1550 2184 IXl),
1591 2132 1723 2173 altera

202 2198 366 2232 constat
390 2204 443 2249 ex!
465 2193 615 2234 ceteris
638 2199 836 2245 quattuor
858 2193 1090 2245 codicibus,
1124 2194 1363 2236 Coloniensi
1393 2195 1459 2247 80,
1493 2194 1722 2237 Bodleiano

201 2253 331 2295 Laud.
379 2255 493 2296 mise.
544 2255 635 2307 133,
684 2256 874 2298 Parisino
922 2256 1035 2297 2394
1054 2259 1102 2309 A,
1149 2258 1251 2299 Mus.
1292 2258 1392 2300 Brit.
1434 2259 1547 2300 Harl.
1594 2258 1720 2309 3107,

201 2318 270 2370 qui
304 2318 412 2358 inter
445 2331 488 2359 se
521 2318 774 2372 cognatione
806 2320 864 2360 ita
897 2325 993 2361 sunt
1026 2320 1251 2373 coniuncti,
1285 2327 1328 2362 ut
1359 2321 1463 2363 duos
1485 2322 1645 2376 priores
1668 2335 1720 2363 ex

201 2380 348 2421 eodem
381 2382 611 2435 exemplari
644 2381 878 2437 descriptos
910 2396 1002 2424 esse
1036 2383 1150 2425 haud
1183 2389 1340 2425 temere
1373 2385 1616 2436 contendas,
1640 2391 1719 2429 ter-

203 2443 285 2484 tius
316 2457 444 2498 prope
474 2445 529 2485 ad
562 2458 632 2486 eos
659 2445 852 2497 accedat,
879 2446 1037 2487 laxiore
1066 2454 1206 2488 autem
1230 2448 1399 2489 vinculo
1422 2455 1595 2501 quartus
1626 2461 1719 2489 eum

201 2507 260 2548 eis
283 2507 515 2549 cohaereat.
540 2514 666 2561 atque
690 2509 794 2550 liber
813 2508 1153 2552 Vindobonensis
1172 2510 1395 2564 plurimum
1414 2512 1467 2552 ab
1485 2510 1550 2553 his
1568 2511 1719 2563 differt,

201 2570 391 2611 abundat
424 2570 779 2625 discrepantibus,
818 2586 1133 2626 nonnumquam
1168 2575 1544 2627 praestantissimis
1582 2575 1722 2616 lectio-

202 2634 337 2685 nibus,
380 2634 421 2674 in
462 2635 639 2686 mendis,
678 2635 1086 2690 interpolationibus,
1127 2637 1289 2678 lacunis
1326 2651 1495 2691 perraro
1528 2651 1621 2679 cum
1661 2638 1720 2679 eis

262 2773 286 2813 ¹)
314 2771 419 2806 Hune
446 2772 577 2807 librum
605 2773 758 2807 contulit
785 2772 915 2818 Sicgl'r.
938 2774 1073 2809 Reiter.
