2078 3054
307 2682 731 2719 circumcidere:

305 175 386 217 168

350 308 388 340 et
417 305 597 340 incendia
624 304 660 339 ΙΙ
689 304 766 350 106,
794 305 826 349 7,
852 303 1063 340 violentiae

350 363 403 397 IV
446 363 502 409 24,
545 363 599 407 13,
643 361 867 398 saevitia‘I
910 363 966 407 70,
1009 362 1061 397 12.

350 424 474 456 terror
499 420 515 456 I
540 421 595 465 72,
620 421 650 456 1.
675 420 825 456 furores
850 420 903 455 IV
927 420 984 465 36,
1010 421 1062 455 13.

349 479 552 515 notissima
577 478 753 514 omnibus
779 478 1000 514 immanitas
1028 478 1063 512 ΙΙ

348 537 428 581 413,
465 536 518 571 16.
554 536 828 587 immanissimi
854 546 993 583 greges
1028 534 1063 570 II

348 595 428 638 455,
459 594 513 630 15.
542 593 779 630 Restitutum
809 598 847 633 et
878 593 1063 630 Innocen-

348 652 443 688 tium
475 653 723 697 presbyteros
754 652 917 688 alterum
948 652 1063 687 truci-

349 710 542 746 daverunt
571 710 606 744 II
636 710 716 755 412,
745 710 892 746 19—24.
923 710 977 745 III
1008 710 1063 755 81,

349 768 380 803 2.
409 769 463 807 85,
492 768 545 813 10,
571 768 735 804 alterum
760 768 984 805 ceciderunt
1008 768 1062 803 III

350 826 405 871 81,
428 827 460 861 3.
485 826 540 871 85,
567 826 624 870 113
649 826 752 872 quod
776 826 841 872 qui
866 826 1064 862 commise-

350 888 448 928 runt,
491 894 577 920 cum
618 885 667 920 ad
710 884 893 920 iudicium
935 886 1065 920 essent

349 942 518 987 deducti,
546 943 590 978 A.
616 951 676 986 ep.
706 943 772 979 133
800 938 850 996 ad
877 942 1064 977 Marcelli-

350 1011 438 1035 num
465 1000 660 1036 tribunum
687 1005 725 1036 et
754 1001 819 1036 134
848 1000 898 1050 ad
924 1000 1064 1045 Aprin-

347 1059 452 1104 gium
482 1058 753 1103 proconsulem
781 1059 900 1094 missa
929 1059 1064 1103 depre-

348 1117 520 1161 cabatur,
549 1127 596 1153 ne
625 1120 737 1152 tanta
764 1116 892 1163 legum
923 1116 1063 1152 severi-

347 1178 428 1211 tate
488 1174 761 1220 plecterentur,
822 1178 876 1220 ut,
934 1168 1064 1220 qualia

349 1233 545 1278 fecissent,
568 1233 662 1269 talia
685 1237 911 1278 paterentur
932 1232 987 1267 III
1009 1233 1064 1278 81,

349 1292 380 1327 5.
419 1290 667 1336 Maximiano,
705 1292 890 1336 episcopo
928 1291 1065 1336 Bagai-

349 1354 453 1394 tano,
490 1349 683 1384 horrenda
719 1348 882 1384 vulnera
919 1348 1065 1384 inflixe-

349 1412 439 1443 runt
469 1406 505 1442 II
534 1407 613 1452 414,
645 1407 676 1442 7.
708 1406 760 1442 IV
790 1406 845 1451 25,
878 1405 932 1442 11.
960 1405 1064 1451 apud

349 1465 494 1501 Asnam
522 1465 753 1501 invadentes
779 1464 978 1501 basilicam
1005 1474 1065 1499 ca-

348 1523 578 1559 tholicorum
605 1523 727 1559 altare
757 1523 1065 1558 comminuerunt

350 1581 366 1616 I
405 1582 483 1627 122,
523 1582 576 1617 19.
615 1581 876 1617 subdiaconus
913 1580 1065 1623 Primus

348 1650 439 1676 cum
479 1639 661 1686 gregibus
704 1638 1065 1675 Circumcellionum

350 1698 450 1734 inter
489 1698 744 1743 vagabundos
782 1707 920 1743 greges
959 1696 1066 1732 femi-

350 1766 486 1792 narum
527 1756 567 1791 in
609 1755 850 1791 detestabilis
892 1755 1066 1790 vinolen-

349 1814 427 1850 tiae
455 1813 774 1850 bacchationibus
801 1812 1002 1849 ex’oltabat
1030 1812 1065 1846 11

351 1873 407 1917 28,
447 1873 502 1908 23.
544 1871 741 1917 principes
782 1870 1066 1907 Circumcellio-

351 1941 441 1966 num
485 1930 521 1964 ΙΙ
566 1930 646 1976 327,
695 1931 725 1965 1.
771 1929 901 1965 clerici
947 1929 1066 1964 duces

350 1988 711 2023 Circumcellionum
735 1998 887 2032 semper
912 1987 1068 2022 fuerunt

352 2046 387 2080 II
413 2046 494 2090 597,
518 2047 550 2081 4.
578 2046 625 2081 de
653 2045 879 2081 clericorum
907 2043 1067 2079 Donati-

352 2108 497 2139 starum
536 2107 574 2139 et
612 2103 973 2139 Circumcellionum
1013 2102 1067 2137 in-

352 2161 487 2197 audita
512 2161 742 2198 crudelitate
767 2161 896 2197 clerici
922 2160 1068 2205 Hippo-

352 2220 506 2255 nienses
557 2219 737 2255 catholici
789 2218 1068 2263 expostulatio-

352 2289 437 2314 nem
494 2277 682 2313 miserunt
740 2277 789 2313 ad
846 2276 1067 2312 Ianuarium

351 2347 410 2380 ep.
443 2336 498 2371 88.
532 2347 579 2372 ex
613 2335 708 2379 ipsis
743 2334 1067 2370 Circumcellioni-

353 2395 423 2430 bus
450 2394 489 2429 vi
515 2393 643 2438 legum
668 2393 809 2429 multos
836 2394 910 2429 iam
938 2392 1067 2427 catho-

352 2452 447 2487 licos
477 2451 705 2487 manifestos
736 2451 867 2486 haberi
898 2450 992 2485 dicit
1024 2449 1067 2485 A.

352 2510 582 2545 damnantes
622 2519 730 2544 suam
770 2508 975 2552 pristinam
1012 2508 1068 2543 vi-

353 2573 431 2604 tam
465 2572 504 2604 et
537 2566 794 2603 miserabilem
830 2576 996 2602 errorem
1033 2564 1067 2599 II

353 2627 432 2671 447,
460 2626 491 2661 a

355 2742 386 2777 si
436 2752 514 2777 non
563 2740 967 2784 circumciderentur,·
991 2750 1068 2775 non

355 2804 438 2834 erat
469 2799 524 2835 eis
557 2803 773 2843 peccatum:
806 2802 943 2842 postea
976 2807 1069 2833 vero

356 2868 470 2902 quam
512 2857 624 2892 iussit
665 2856 771 2901 deus,
827 2860 869 2891 ut
911 2856 1070 2891 circum-

785 2682 935 2728 antiqui
978 2680 1068 2717 iusti
1092 2686 1094 2688 ’

1107 2798 1337 2833 civitas:

976 190 1117 224 Index
1145 190 1189 224 V.

1148 303 1341 341 cideretur
1375 306 1568 343 Abraham
1603 308 1761 355 eiusque
1797 321 1861 355 po-

1149 363 1316 409 steritas,
1339 363 1414 400 iam
1441 365 1472 400 si
1497 375 1575 401 non
1599 366 1718 412 fieret,
1742 378 1860 413 grave

1148 425 1350 464 peccatum
1382 422 1451 458 fuit
1484 423 1536 458 IV
1565 424 1644 469 641,
1676 425 1707 460 1.
1736 436 1771 461 v.
1800 425 1862 460 Ti-

1147 478 1334 515 motheus.

1101 535 1459 573 circumcisio
1498 540 1693 584 praeputii
1730 544 1767 576 et
1804 551 1862 576 ce-

1147 598 1231 630 tera
1267 595 1380 631 huius
1418 596 1522 632 .10di
1559 597 1678 641 priori
1717 599 1861 643 populo

1148 661 1216 696 per
1262 656 1550 699 testame;tum,
1598 656 1702 701 quod
1749 660 1862 692 vetus

1147 710 1299 756 dicitur,
1336 711 1526 748 divinitus
1560 712 1655 748 data
1689 719 1778 750 sunt
1813 714 1862 749 ad

1148 768 1470 814 significationfm
1504 770 1731 816 futurorum,
1765 783 1862 817 quae

1148 836 1216 870 per
1265 826 1416 863 Christi*
1439 840 1459 862 ιι
1508 832 1663 872 oportet
1712 829 1862 874 impleri

1149 884 1185 919 II
1214 885 1293 930 364,
1324 885 1380 921 21.
1411 886 1653 922 circumcisio
1684 887 1864 932 parvulo-

1147 954 1231 979 rum
1266 947 1406 979 octavo
1441 944 1503 980 die
1537 943 1620 980 fieri
1653 949 1864 989 praecepta

1148 1005 1220 1046 est,
1259 1001 1441 1053 quoniam
1479 1002 1655 1038 Christus
1696 1003 1758 1039 die
1798 1004 1864 1039 do-

1147 1059 1290 1094 minico
1318 1060 1542 1106 resurrexit,
1569 1060 1635 1106 qui
1663 1066 1753 1105 post
1780 1071 1864 1106 sep-

1148 1117 1283 1153 timum
1322 1118 1472 1153 sabbati
1511 1122 1674 1154 octavus
1712 1123 1771 1155 est
1809 1118 1864 1153 111

1148 1175 1228 1220 462,
1264 1176 1296 1210 2.
1332 1175 1586 1222 circumcisio,
1623 1176 1863 1222 signaculum

1149 1233 1320 1270 iustitiae
1354 1233 1456 1279 fidei,
1487 1238 1639 1270 tantum
1674 1234 1739 1271 illo
1772 1239 1864 1271 tem-

1150 1300 1243 1335 pore
1288 1292 1423 1336 valuit,
1468 1296 1674 1338 antequam
1717 1293 1862 1329 domini

1150 1352 1405 1385 evacuaretur
1479 1349 1649 1385 adventu
1723 1350 1739 1385 Ι
1811 1351 1867 1394 68,

1151 1407 1251 1443 1—-9,
1300 1407 1432 1444 delicti
1480 1408 1646 1443 carnalis
1695 1408 1865 1452 expolia-

1149 1465 1293 1501 tionem
1322 1465 1515 1511 significat
1543 1466 1784 1502 circumcisio
1811 1465 1866 1501 III

1149 1523 1230 1568 462,
1255 1524 1288 1558 3.
1315 1524 1362 1559 de
1389 1523 1682 1560 circumcisione
1710 1529 1747 1560 et
1773 1525 1863 1568 bap-

1149 1581 1305 1617 tismate
1334 1581 1350 1615 I
1378 1581 1436 1626 68,
1465 1582 1613 1626 11-69,
1643 1582 1675 1617 8.
1707 1582 1865 1617 circum-

1151 1639 1245 1674 cisio
1268 1639 1440 1685 antiquis
1462 1639 1607 1675 sanctis
1629 1650 1699 1685 pro
1721 1640 1865 1684 baptis-

1151 1707 1213 1732 mo
1252 1697 1371 1733 fuisse
1403 1697 1583 1734 creditur
1622 1697 1674 1732 IV
1717 1698 1792 1742 112,
1833 1698 1865 1733 8.

1150 1765 1185 1791 v.
1220 1755 1425 1791 adventus.
1457 1755 1661 1800 baptisma.

1103 1812 1130 1848 C
1147 1813 1158 1847 i
1173 1823 1190 1847 r
1205 1817 1221 1848 t
1234 1824 1254 1849 e
1270 1824 1293 1848 n
1309 1823 1326 1848 s
1342 1813 1353 1848 i
1367 1823 1385 1848 s
1430 1813 1638 1858 episcopus
1686 1813 1866 1849 Silvanus·

1151 1871 1187 1906 II
1237 1872 1291 1916 99,
1347 1872 1400 1907 16.
1451 1871 1626 1916 Rufinus,
1677 1871 1864 1907 Cirtensis

1150 1930 1378 1974 principalis
1413 1930 1468 1964 III
1503 1930 1581 1975 154,
1617 1930 1671 1965 10.
1703 1930 1753 1965 ad
1787 1929 1865 1965 Cir-

1151 1992 1299 2023 tensem
1344 1988 1547 2023 ecclesiam
1594 1988 1765 2031 perrexit
1810 1987 1866 2030 A„

1152 2050 1194 2081 ut
1226 2046 1451 2089 episcopum
1485 2045 1684 2081 ordinaret
1718 2045 1753 2079 II
1789 2045 1866 2081 109.

1154 2103 1207 2139 17.
1242 2103 1319 2149 120,
1351 2103 1407 2139 25.
1437 2103 1625 2139 Cirtensis
1658 2103 1811 2138 concilii
1844 2114 1866 2137 a

1153 2161 1330 2198 Secundo
1367 2161 1584 2208 Tigisitano
1621 2161 1741 2197 habiti
1779 2165 1867 2196 acta

1152 2219 1417 2255 ecclesiastica
1449 2219 1484 2254 II
1518 2220 1572 2264 87,
1605 2220 1636 2254 6.
1670 2218 1866 2254 Cirtenses

1152 2287 1238 2312 cum
1269 2277 1433 2312 fuissent
1463 2277 1702 2320 Donatistae,
1731 2277 1781 2312 ad
1810 2287 1868 2312 ec-

1152 2334 1308 2370 clesiam
1384 2335 1613 2370 catholicam
1689 2334 1866 2370 conversi

1152 2397 1264 2438 grato
1280 2393 1417 2440 ,animo
1445 2393 1482 2428 id
1509 2393 1786 2428 nuntiaverunt
1810 2392 1866 2436 A.,

1153 2452 1218 2496 qui
1246 2460 1305 2495 ep.
1335 2451 1400 2485 144
1430 2461 1508 2486 non
1534 2461 1603 2485 suo
1631 2450 1767 2485 merito
1798 2449 1866 2485 sed

1153 2509 1255 2544 dono
1279 2508 1341 2544 dei
1369 2508 1407 2544 id
1431 2508 1575 2543 factum
1601 2518 1684 2543 esse
1709 2517 1866 2552 respon-

1153 2566 1280 2602 debat.
1321 2566 1445 2602 eidem
1487 2575 1571 2601 cum
1614 2565 1696 2601 eius
1736 2565 1789 2600 ad
1826 2575 1866 2600 se

1153 2624 1364 2660 adventum
1407 2634 1446 2660 se
1487 2623 1708 2659 desiderare
1749 2623 1867 2658 dixis-

1154 2687 1250 2727 sent,
1291 2683 1335 2717 A.
1374 2682 1509 2718 eodem
1546 2682 1600 2717 ait
1640 2671 1680 2717 se
1718 2680 1865 2716 moveri

1154 2740 1347 2775 desiderio
1386 2739 1441 2774 III
1480 2740 1557 2783 263,
1598 2740 1629 2774 8.
1667 2739 1746 2783 266,
1786 2738 1818 2773 8.

1389 2798 1481 2843 quid
1517 2801 1575 2833 est
1614 2797 1753 2832 civitas
1791 2795 1866 2830 nisi

1154 2856 1349 2892 hominum
1376 2855 1581 2891 multitudo
1609 2855 1646 2891 in
1673 2854 1865 2900 quoddam
