2078 3054
269 164 351 204 218

937 179 1079 214 ludex
1109 180 1152 215 V.

316 292 393 327 ‘lilii
431 293 721 336 proinissionis‘,
759 294 828 329 hoc
864 297 923 329 est
960 293 1027 328 filii
1066 294 1151 330 Fir
1167 294 1266 330 mia
1282 296 1330 331 ni
1371 307 1394 332 a.
1433 297 1718 343 Rogutensibus
1758 310 1824 343 ap-

314 350 474 394 gratiae,
519 351 586 386 filii
631 352 917 387 misericordiae
973 351 1027 386 III

318 409 393 453 197,
430 409 488 453 213
540 410 586 450 cf.
626 409 702 453 195,
740 408 795 445 26.
844 420 940 455 quos
977 410 1027 445 ad

315 477 422 502 suam
478 466 645 513 gratiam
700 478 777 503 non
834 468 1027 512 pertinere

316 525 525 568 praescivit
564 526 671 570 deus,
709 537 786 571 qua
823 537 863 562 re
902 526 1027 561 multi-

314 583 446 619 tudine
474 583 767 628 incomparabili
794 584 924 629 plures
951 584 1027 620 sint

313 641 379 686 eis,
416 652 512 687 quos
551 643 589 678 in
626 642 684 677 sui
720 643 829 688 regni
864 642 1026 687 gloriam

313 699 412 735 filios
440 700 708 744 promissionis
737 700 1026 744 praedestinare

313 757 497 803 dignatus
535 762 593 794 est
630 758 683 792 IV
721 759 798 803 146,
837 759 890 794 12.
928 758 1027 794 filios

313 816 377 852 <lei
414 816 629 861 appellavit
666 816 857 852 Iohannes
894 817 1026 862 utique

314 877 467 917 praeter
517 873 731 910 Hebraeam
781 879 935 921 gentem
988 875 1025 910 in

312 932 451 968 ceteris
484 932 600 968 etiam
635 932 812 969 omnibus
847 933 1026 979 gentibus

313 990 546 1026 constitutos
571 991 741 1026 nondum
767 991 911 1036 fideles,
934 1002 1026 1027 non-

313 1049 403 1084 dum
438 1049 657 1093 baptizatos
691 1060 767 1095 quo
803 1050 918 1085 modo
952 1049 1026 1084 nisi

313 1107 524 1143 secundum
608 1107 1026 1152 praedestinationem?

315 1165 367 1200 1V
396 1165 473 1211 115,
501 1166 533 1201 4.
562 1167 610 1202 ab
639 1165 763 1202 Adam
791 1166 977 1211 homines,
1004 1176 1027 1201 a

312 1223 465 1267 Christo
511 1223 578 1259 filii
623 1223 819 1260 hominum
864 1224 1026 1260 dicimur

314 1282 351 1317 in
382 1282 584 1326 scripturis
617 1293 740 1328 neque
776 1287 905 1319 tamen
939 1293 1026 1318 con-

314 1343 461 1376 stanter
490 1339 545 1375 ΙΙΙ
575 1340 652 1386 172,
682 1341 737 1376 24.
769 1340 844 1386 174,
876 1341 906 1375 1.
935 1341 1026 1376 mali

313 1398 379 1435 11111
412 1398 515 1434 mala
547 1408 667 1443 opera
701 1403 739 1435 et
772 1399 875 1435 bona
908 1409 1027 1444 opera

311 1457 402 1492 boni
436 1456 504 1492 filii
538 1461 628 1492 sunt
662 1457 700 1493 in
735 1457 937 1502 scripturis
971 1457 1026 1492 III

312 1515 391 1558 351,
436 1515 492 1550 22.
535 1515 602 1550 filii
642 1516 733 1552 mali
775 1526 820 1552 eo
863 1520 1025 1561 tantum,

313 1584 387 1618 quo
432 1573 583 1616 perdite
627 1573 777 1619 vivunt,
822 1568 1025 1619 parentum

313 1631 496 1675 pietatem
534 1632 693 1678 gravius
731 1637 1024 1678 persequuntur,

314 1701 427 1735 quam
463 1700 548 1725 cum
584 1690 670 1726 illos
705 1695 814 1735 pater
848 1695 915 1726 aut
949 1701 1026 1726 ma-

313 1751 382 1792 ter,
433 1752 578 1793 quanto
631 1748 796 1793 amplius
848 1748 1026 1794 diligunt,

313 1809 421 1841 tanto
454 1806 619 1850 amplius
653 1807 703 1842 ad
734 1808 873 1843 bonam
905 1807 1026 1843 vitam

314 1864 550 1909 compellunt
583 1864 619 1914 Π
651 1865 730 1907 420,
763 1866 794 1901 7.
828 1865 947 1902 filium
979 1866 1026 1901 de

314 1922 496 1968 legitimis
524 1929 562 1960 et
591 1925 763 1961 honestis
793 1927 938 1970 nuptiis
968 1937 1027 1962 su-

315 1988 488 2028 sceptum
523 1985 647 2031 magis
682 1986 720 2021 in
755 1987 877 2031 patris
913 1998 1026 2033 quam

316 2044 352 2095 in
397 2044 531 2080 matris
576 2055 659 2081 esse
703 2050 897 2089 potestate
942 2047 1027 2093 quis

315 2104 484 2140 nesciat?
517 2104 570 2139 IV
597 2105 676 2150 631,
703 2106 735 2141 6.

270 2172 424 2208 finis:
466 2174 513 2210 de
553 2174 627 2211 fine
668 2176 812 2212 saeculi
851 2188 909 2222 ep.
951 2177 1027 2212 199.

315 2245 389 2279 quo
425 2238 598 2279 tempore
636 2236 698 2271 vel
735 2236 796 2272 die
835 2238 898 2273 vel
935 2237 1028 2272 hora

315 2294 466 2330 futurus
500 2295 550 2331 sit
582 2295 667 2331 finis
701 2298 856 2341 saeculi,
889 2308 1028 2344 cogno-

316 2365 420 2390 scere
447 2365 523 2390 non
549 2364 754 2399 possumus
778 2356 831 2391 IV
855 2358 934 2402 232,
962 2358 1028 2392 1—

315 2414 392 2459 235,
426 2415 459 2450 3.
493 2415 571 2460 235,
607 2416 778 2462 17—241,
813 2418 857 2452 22
890 2417 1027 2462 (Hes.).

317 2485 391 2510 11011
439 2475 524 2510 ideo
570 2487 647 2511 non
692 2481 820 2520 potest
865 2478 1027 2522 definiri,

315 2545 389 2579 quo
423 2546 524 2570 anno
558 2536 710 2571 futurus
744 2537 793 2572 sit
826 2537 912 2572 finis
948 2548 1029 2573 sae-

316 2595 402 2639 culi,
438 2596 529 2640 quia
563 2597 772 2632 secundum
809 2598 1029 2642 promissio-

318 2666 401 2690 nem
442 2656 588 2691 ‹lomini
628 2657 905 2692 breviabuntur
946 2658 1028 2693 dies

317 2715 371 2750 illi
409 2715 460 2749 IV
497 2716 576 2761 259,
614 2716 784 2761 13—-261,
819 2717 851 2752 9.
901 2717 944 2752 A.
981 2717 1028 2752 de

316 2775 386 2810 hac
444 2776 669 2820 quaestione
727 2778 920 2813 sententia
977 2777 1048 2822 IV¹¹

1047 2875 1048 2883 ἵ
1115 2835 1414 2881 1110116111406,
1444 2836 1496 2871 13.

317 2836 395 2878 289,
429 2836 599 2881 16—292,
630 2837 661 2871 9.

1112 353 1355 396 pellabantur
1397 354 1625 392 Donatistae
1668 356 1703 391 II
1745 357 1823 396 406,

1114 412 1166 447 13.

1065 481 1272 517 Firmus
1307 483 1509 528 presbyter
1544 485 1592 520 ab
1626 484 1670 519 A.
1706 484 1824 520 frater

1113 540 1394 576 sincerissimus
1422 546 1585 578 vocatur
1612 542 1648 577 II
1674 542 1753 587 351,
1782 543 1825 578 18

1111 602 1149 633 et
1196 598 1498 635 familiarissima
1544 601 1616 636 sibi
1663 600 1823 636 caritate

1112 656 1341 692 coniunctus
1368 657 1421 692 IV
1449 657 1527 703 293,
1559 658 1611 694 10.
1642 669 1710 703 per
1738 670 1823 695 eum

1112 715 1274 760 curavit,
1310 720 1352 751 ut
1386 715 1523 752 Petrus
1557 721 1596 752 et
1631 717 1824 753 Abraham

1111 773 1238 809 libros·
1262 773 1320 809 ‘de
1355 773 1514 810 civitate
1546 774 1632 820 dei‘,
1667 778 1699 812 si
1733 787 1825 812 non-

1111 832 1201 866 dum
1240 831 1435 876 haberent,
1487 833 1626 869 habere
1665 839 1825 878 possent

1112 891 1166 925 III
1195 890 1271 936 736,
1300 892 1353 927 15.
1381 892 1531 928 Firmus
1561 893 1609 929 ad
1637 893 1824 940 Hierony-

1112 963 1213 988 mum
1238 953 1356 997 venit,
1379 953 1444 999 qui
1467 964 1551 990 cum
1573 955 1620 990 ab
1643 965 1688 990 eo
1710 967 1824 1001 quae-

1112 1018 1223 1058 reret,
1251 1013 1343 1059 quid
1370 1014 1414 1049 A.
1439 1019 1583 1060 ageret,
1611 1019 1649 1051 et
1674 1015 1823 1051 litteras

1111 1074 1296 1119 exigeret,
1323 1074 1428 1110 illum
1456 1075 1609 1121 quidem
1639 1076 1823 1121 sospitem

1111 1145 1195 1170 esse
1222 1135 1434 1180 respondit,
1464 1137 1530 1172 sed
1557 1137 1753 1173 nesciente
1778 1148 1823 1173 eo

1111 1195 1158 1230 de
1191 1195 1322 1230 Africa
1355 1196 1570 1239 profectum
1602 1208 1642 1233 se
1674 1208 1758 1233 esse
1789 1197 1824 1232 II

1110 1256 1190 1301 350,
1217 1257 1250 1291 4.
1280 1260 1359 1301 tum
1389 1267 1448 1301 ep.
1478 1258 1520 1293 81
1549 1258 1599 1294 ad
1629 1258 1673 1294 A.
1702 1259 1824 1295 feren—

1111 1317 1199 1353 dam
1232 1317 1383 1362 accepit
1416 1317 1451 1352 II
1481 1318 1560 1362 351,
1594 1319 1648 1354 18.
1679 1319 1759 1363 387,
1792 1320 1824 1354 7.

1112 1377 1211 1413 Sixti
1236 1379 1453 1423 presbyteri
1477 1379 1683 1423 epistulam
1706 1380 1755 1415 ad
1780 1379 1823 1414 A.

1111 1438 1330 1483 Hipponem
1359 1439 1500 1475 adtulit
1527 1439 1580 1474 IV
1610 1440 1687 1485 162,
1718 1440 1759 1475 14
1786 1444 1825 1476 et

1111 1499 1155 1534 A.
1203 1509 1430 1544 responsum
1478 1501 1527 1536 ad
1576 1500 1726 1537 Sixtum
1772 1501 1824 1536 lv

1114 1560 1190 1604 176,
1215 1560 1251 1604 6,
1276 1561 1377 1596 1(16111
1399 1561 1448 1597 ad
1472 1562 1636 1597 eundem
1661 1562 1704 1597 A.
1728 1562 1824 1597 duas

1111 1620 1243 1656 Valeri
1272 1621 1460 1665 epistulas
1488 1621 1541 1656 IV
1569 1622 1649 1667 293,
1679 1623 1710 1657 8.
1739 1621 1825 1657 Hie-

1111 1692 1301 1727 ronymus.
1334 1682 1485 1717 litteras
1524 1693 1614 1718 suas
1651 1682 1701 1718 ad
1739 1693 1823 1718 eum

1112 1742 1255 1778 direxit
1307 1741 1362 1777 III
1415 1742 1493 1787 639,
1547 1743 1579 1778 2.
1644 1744 1693 1778 ob
1745 1754 1823 1779 16111

1111 1803 1310 1838 Eustachii
1346 1807 1384 1839 et
1419 1803 1562 1839 Paulae
1598 1803 1824 1839 Ravennam

1111 1873 1197 1899 eum
1234 1868 1272 1900 et
1310 1864 1398 1900 inde
1433 1851 1603 1899 Africam
1641 1864 1826 1900 Siciliam-

1112 1935 1185 1970 que
1211 1924 1421 1969 praeterito
1444 1935 1545 1960 anno
1572 1935 1611 1960 se
1635 1925 1824 1961 direxisse

1112 1985 1246 2020 scribit
1273 1985 1546 2030 Hieronymus;
1576 1989 1668 2020 tunc
1697 1989 1824 2020 autem

1112 2045 1187 2081 iam
1233 2045 1272 2081 in
1319 2045 1473 2081 Africae
1518 2046 1693 2089 partibus
1739 2056 1824 2080 eum

1113 2105 1341 2142 commorari
1374 2106 1536 2150 putabat
1568 2104 1625 2140 III
1657 2106 1736 2150 638,
1772 2106 1825 2140 10.

1113 2166 1264 2202 idemne
1295 2166 1422 2211 fuerit,
1451 2166 1498 2202 de
1531 2176 1607 2212 quo
1638 2165 1682 2201 A.
1713 2166 1826 2202 Seba-

1114 2227 1240 2262 stiano
1302 2226 1471 2270 scripsit:
1534 2226 1653 2262 ‘Mitte
1715 2225 1825 2260 fratri

1112 2287 1240 2322 Firmo
1286 2286 1436 2322 litteras
1484 2285 1659 2331 nostras‘,
1706 2286 1826 2321 incer-

1113 2351 1192 2383 tum
1224 2351 1282 2383 est
1311 2347 1364 2381 IV
1393 2346 1470 2391 591,
1500 2347 1533 2381 4.

1066 2417 1291 2462 Firmus,
1337 2416 1438 2452 unde
1472 2415 1715 2461 Rogatenses
1752 2414 1825 2450 Do-

1113 2477 1278 2512 natistas
1304 2476 1518 2512 Firmianos
1546 2476 1743 2520 appellare
1771 2475 1825 2511 di-

1113 2538 1308 2573 cebantur.
1349 2547 1512 2582 quocum
1554 2536 1825 2571 Rusicazensis

1113 2597 1319 2641 episcopus
1345 2596 1551 2633 Donatista
1577 2600 1714 2640 pactus
1740 2606 1823 2631 esse

1114 2657 1384 2701 perhibebatur
1412 2656 1714 2692 incolumitatem
1742 2666 1826 2691 suo-

1115 2728 1208 2761 rum,
1250 2721 1290 2752 ut
1332 2717 1366 2751 ei
1408 2719 1543 2759 portae
1584 2715 1825 2759 aperirentur

1113 2781 1151 2812 et
1184 2779 1222 2813 in
1256 2776 1513 2811 vastationem
1548 2776 1733 2811 darentur
1765 2785 1826 2809 ca-
