2078 3054
918 144 1060 180 Index
1088 145 1132 180 V.

1720 133 1802 175 239

298 258 452 303 quinam
481 258 543 292 isti
573 257 660 302 sint,
688 267 783 303 quos
811 256 1008 292 doloribus
1048 257 1384 293 inmortalis:
1415 260 1516 304 quod
1546 260 1654 295 aiunt
1679 270 1803 305 omne,

299 315 437 350 inferni
461 315 659 360 liberabat,
683 315 926 350 temerarium
950 318 1009 350 est

297 373 456 408 definire
518 372 570 407 111
621 373 700 417 524,
750 373 899 417 8—528,
950 372 1006 415 113

297 437 418 475 crant,
454 432 519 476 qui
552 441 684 466 omnes
718 431 873 466 omnino
908 430 1008 466 dice-

297 494 381 524 rent
421 493 511 523 tunc
550 499 634 523 esse
673 488 865 532 liberatos,
905 487 1008 533 quod
1048 487 1450 524 inmortalitas:

298 546 523 590 praesertim
558 551 714 590 propter
747 551 894 590 poetas,
925 556 1008 580 ora-

297 609 411 640 tores.
459 603 709 647 philosophos
757 603 854 638 alios
903 604 1006 638 viros

297 661 451 704 ingenio
499 666 535 696 et
583 662 725 697 virtute
774 661 1007 696 clarissimos

1094 316 1196 360 quod
1240 316 1276 350 in
1323 321 1493 361 tempore
1537 318 1663 362 coepit
1706 329 1802 362 esse,

1094 373 1294 409 inmortale
1340 385 1423 409 esse
1468 385 1543 409 non
1587 385 1712 420 posse,
1759 377 1802 411 Α.

1094 436 1208 475 negat
1244 431 1297 465 III
1332 432 1409 476 566,
1446 433 1498 467 14.

1506 490 1632 525 nullus
1686 491 1802 526 homi-

1093 555 1181 580 num
1252 547 1490 581 existimatur
1558 547 1805 583 inmortalita-

1092 607 1179 648 tem,
1241 604 1313 638 nisi
1374 615 1475 639 mors
1537 606 1802 650 praecesserit,

1092 660 1303 704 adepturus
1337 661 1386 695 lv
1420 663 1495 707 173,
1528 663 1579 697 17.

296 725 394 754 esset
422 719 731 763 acceptissimum
755 719 833 762 524,
857 714 1007 763 9—525,
1047 717 1101 752 In
1115 729 1139 753 n
1154 728 1176 753 o
1191 728 1211 753 c
1225 729 1244 754 e
1260 723 1312 753 nt
1329 719 1377 754 iu
1393 731 1410 754 s
1452 729 1565 765 papa,
1605 721 1800 758 Romanae

296 778 330 811 9:
355 777 401 811 de
425 777 546 820 primo
571 777 722 812 homine
745 776 866 812 Adam
888 776 1006 812 eccle-

296 835 351 869 sia
387 834 464 870 fere
498 839 580 869 tota
614 834 805 870 consentit
839 834 892 868 111
927 834 1004 880 526,

295 892 329 927 6:
373 892 519 927 addunt
562 892 716 937 quidam
757 892 826 927 hoc
869 892 1006 928 benefi-

295 950 392 984 cium
456 949 624 995 antiquis
687 950 801 985 etiam
862 950 1027 1008 sanctis,

296 1007 414 1042 fuisse
458 1018 693 1051 concessum,
736 1008 772 1042 id
815 1007 917 1052 quod
961 1008 1004 1042 Α.

295 1064 332 1099 in
368 1065 524 1100 dubium
560 1071 676 1100 vocat
711 1064 765 1099 III
800 1065 878 1109 526,
916 1066 1006 1101 15-

295 1123 372 1166 527,
410 1122 462 1158 23.
500 1122 565 1158 alii
600 1123 733 1159 dicunt
769 1122 921 1158 Christo
955 1122 1004 1158 ad

295 1180 438 1215 inferos
467 1180 726 1216 descendente
756 1191 833 1226 eos,
860 1181 923 1226 qui
954 1181 1004 1217 ibi

295 1239 442 1273 inventi
475 1243 575 1284 sunt,
610 1238 756 1274 solutos
789 1249 884 1283 esse,
916 1239 1005 1284 quia

295 1307 368 1331 non
395 1297 598 1332 audierant
622 1296 878 1342 evangelium,
902 1296 1004 1342 quod

295 1353 368 1388 illis
423 1354 644 1389 viventibus
699 1355 866 1389 nondum
922 1359 1003 1389 toto

294 1412 383 1445 orbe
411 1411 706 1454 praedicabatur
736 1411 789 1446 111
818 1413 895 1457 532,
925 1413 956 1448 8.

247 1489 620 1526 infirmitates
679 1492 877 1534 apostolus
940 1501 1004 1535 po—

293 1548 368 1582 suit
398 1558 467 1591 pro
498 1549 667 1592 peccatis
698 1549 748 1582 lIl
781 1550 859 1593 354,
889 1550 924 1589 52
955 1549 1001 1591 cf.

290 1607 370 1649 354,
405 1607 456 1640 11.

247 1685 293 1719 in
309 1696 334 1729 g
348 1696 366 1720 e
384 1696 405 1719 n
423 1686 432 1720 i
448 1697 471 1720 u
486 1697 541 1720 m:
575 1687 839 1731 quaestionem
872 1687 918 1722 de
948 1687 1002 1722 in-

290 1744 489 1789 geniorum
516 1744 743 1779 diversitate
768 1744 1001 1790 Hieronymo

292 1801 494 1845 proposuit
522 1801 564 1836 A.
593 1801 645 1835 III
672 1803 751 1846 570,
778 1803 809 1837 8.

246 1879 572 1926 Ingentium,
636 1882 880 1917 decurionem
946 1882 1001 1917 Zi-

290 1939 490 1982 quensium
552 1939 734 1983 civitatis,
795 1939 999 1984 epistulam

289 1996 497 2031 Caeciliani
548 1997 790 2032 exduumviri
839 1997 1000 2033 falsasse

290 2054 486 2089 contendit
530 2054 716 2090 Maximus
757 2054 790 2089 II
828 2056 904 2099 410,
946 2056 998 2089 18.

291 2111 489 2155 ingentius
533 2112 569 2146 in
613 2112 794 2148 iudicium
838 2117 999 2148 vocatus

290 2174 413 2203 tortus
439 2179 512 2204 non
542 2175 611 2213 est,
636 2171 738 2215 quod
764 2180 803 2206 se
828 2170 998 2205 decurio-

290 2237 373 2261 nem
417 2227 659 2271 Ziquensium
704 2228 873 2262 civitatis
914 2238 997 2271 esse

288 2283 542 2319 adseverabat
595 2284 629 2318 II
678 2286 757 2329 410,
806 2285 860 2319 20.
911 2295 998 2320 con-

289 2341 412 2376 fessus
442 2347 498 2377 est
529 2343 565 2377 in
595 2342 997 2387 cognstioneAeHani

289 2399 529 2442 proconsulis
581 2399 718 2435 falsum
771 2410 810 2435 se
861 2400 997 2435 fecisse

290 2457 477 2490 adversus
543 2457 718 2498 Felicem,
786 2457 994 2492 Caeciliani

287 2514 546 2549 ordinatorem
579 2514 629 2548 III
662 2516 740 2550 243.
770 2515 824 2549 20.
854 2515 891 2549 in
921 2525 996 2559 qua

287 2581 401 2605 causa
452 2571 728 2607 Constantinus
778 2573 996 2616 imperator,

290 2635 325 2662 nt
394 2628 590 2674 Ingentius
657 2630 703 2663 ad
772 2630 993 2664 comitatum

287 2697 393 2721 sunm
429 2687 654 2722 mitteretur.
691 2686 812 2722 voluit
849 2687 882 2720 ΙΙ
917 2687 1016 2747 410}

1039 2222 1401 2259 Innocentius

1093 776 1196 811 urbis
1223 776 1429 821 episcopus
1458 777 1507 811 IV
1535 779 1612 823 389,
1643 780 1695 823 13,
1723 779 1801 823 epi-

1093 833 1230 869 stulam
1270 844 1337 879 per
1373 834 1631 871 Caecilianum
1670 837 1718 872 ad
1758 837 1800 873 A.

1091 891 1195 926 misit
1237 891 1289 926 III
1330 893 1410 938 383,
1455 893 1511 936 14,
1555 894 1644 929 item
1686 894 1798 930 aliam

1092 949 1269 992 pusillam
1299 950 1346 985 ad
1378 950 1575 986 Aurelium
1605 956 1643 987 et
1674 951 1715 987 A.
1748 951 1800 986 111

1092 1007 1169 1050 731,
1199 1007 1229 1042 2.
1260 1007 1410 1043 litterae
1440 1009 1487 1043 de
1516 1008 1665 1044 haeresi
1695 1009 1800 1045 Pela-

1090 1064 1208 1109 giana
1243 1065 1291 1100 ad
1330 1076 1413 1101 eum
1452 1066 1590 1102 missae
1630 1072 1719 1102 sunt
1753 1077 1799 1102 ex

1090 1122 1253 1157 concilio
1283 1123 1577 1168 Carthaginensi
1611 1126 1684 1170 (ep.
1718 1125 1798 1170 175)

1092 1184 1129 1215 et
1206 1190 1253 1215 ex
1334 1181 1496 1216 concilio
1577 1181 1799 1218 Milevitano

1094 1238 1168 1283 (ep.
1194 1237 1273 1283 176)
1303 1243 1340 1273 et
1365 1249 1388 1274 a
1413 1239 1580 1285 quinque
1606 1240 1799 1285 episcopis

1093 1296 1166 1341 (ep.
1206 1296 1300 1340 177),
1362 1297 1412 1332 ad
1457 1307 1553 1342 quas
1602 1297 1800 1341 rescripsit

1090 1352 1228 1389 litteris
1255 1354 1331 1389 181.
1360 1354 1435 1389 182.
1464 1355 1543 1391 183:
1569 1355 1616 1396 cf.
1643 1355 1696 1389 111
1720 1357 1798 1399 690,

1092 1410 1144 1445 12.
1182 1411 1233 1445 IV
1270 1413 1324 1456 47,
1362 1413 1394 1447 6.
1430 1413 1509 1456 389,
1550 1413 1601 1447 12.
1651 1413 1798 1458 librum,

1090 1468 1153 1513 qui
1205 1469 1337 1514 Pelagi
1389 1480 1472 1505 csse
1523 1471 1725 1514 diceretur,
1776 1481 1798 1505 a

1088 1526 1254 1571 quinque
1285 1528 1478 1571 episcopis
1512 1529 1582 1564 sibi
1615 1529 1797 1564 traditum

1089 1583 1335 1620 Innocentius
1361 1585 1465 1629 nihil,
1489 1587 1591 1631 quod
1617 1587 1796 1631 placeret,

1088 1641 1192 1686 nihil,
1228 1643 1329 1687 quod
1368 1654 1442 1678 non
1478 1644 1631 1687 penitus
1666 1645 1797 1688 displi-

1088 1704 1201 1744 ceret,
1231 1700 1369 1736 habere
1399 1702 1547 1736 censuit
1577 1701 1629 1735 111
1659 1702 1736 1746 729,
1764 1702 1795 1736 6.

1088 1756 1312 1792 Innocentio
1354 1759 1576 1802 persuaderi
1616 1770 1691 1794 non
1733 1770 1796 1803 po-

1087 1815 1159 1850 tuit
1184 1815 1380 1860 Pelagium
1406 1827 1489 1852 esse
1515 1822 1719 1861 purgatum
1744 1817 1794 1851 111

1088 1872 1165 1918 726,
1202 1873 1255 1907 15.
1293 1873 1472 1919 Pelagius
1508 1880 1544 1909 et
1582 1875 1795 1910 Caelestius

1086 1940 1109 1964 a
1147 1940 1249 1975 papa
1292 1930 1514 1967 Innocentio
1555 1938 1592 1967 et
1631 1943 1654 1967 a
1693 1942 1795 1976 papa

1086 1987 1246 2029 Zosimo,
1313 1989 1386 2023 nisi
1451 1990 1613 2024 correcti
1680 1990 1794 2024 etiam

1085 2045 1252 2090 egissent
1341 2047 1627 2090 paenitentiam,
1713 2052 1794 2082 toto

1084 2102 1302 2138 Christiano
1350 2105 1439 2139 orbe
1486 2105 1658 2139 damnati
1707 2109 1794 2138 sunt

1086 2159 1136 2194 IV
1170 2162 1244 2205 157,
1280 2162 1331 2196 13.

1475 2225 1680 2268 episcopus
1756 2225 1792 2259 in

1084 2282 1246 2316 concilio
1285 2282 1455 2318 Zertensi
1492 2288 1530 2317 et
1570 2282 1792 2317 Milevitano

1083 2338 1207 2374 adfuit
1240 2339 1293 2373 III
1326 2340 1403 2384 235,
1435 2340 1466 2374 2.
1498 2340 1577 2383 664,
1607 2342 1639 2375 4.

1038 2400 1399 2437 Innocentius
1430 2403 1631 2447 presbyter
1663 2413 1685 2437 a
1714 2403 1792 2437 Cir-

1083 2459 1395 2494 cumcellionibus
1426 2465 1461 2495 et
1493 2460 1640 2494 clericis
1672 2460 1791 2504 partis

1083 2515 1222 2551 Donati
1262 2517 1524 2552 crudelissime
1561 2528 1695 2552 caesus
1733 2522 1789 2552 est

1084 2573 1136 2607 III
1175 2574 1228 2617 81,
1264 2575 1296 2609 3.
1332 2575 1387 2616 85,
1427 2575 1479 2609 11.
1520 2585 1594 2619 quo
1633 2574 1789 2609 crimine

1082 2631 1134 2665 rei
1180 2631 1228 2666 ad
1273 2632 1454 2666 iudicium
1502 2638 1588 2666 sunt
1634 2632 1788 2667 deducti

1085 2687 1136 2721 III
1167 2689 1220 2732 80,
1253 2689 1305 2723 16.
1335 2689 1389 2732 81,
1423 2690 1474 2723 10.
1505 2690 1559 2732 85,
1589 2691 1620 2724 4.
1653 2690 1728 2727 150.
1759 2690 1788 2723 1.

288 2743 344 2777 23:
374 2744 419 2783 ΓΙ.
449 2743 502 2777 III
528 2744 605 2779 243.
636 2745 687 2778 19.
715 2745 793 2787 244,
820 2745 850 2779 2.
881 2746 911 2779 4.
942 2745 993 2779 10.
1013 2751 1015 2787 l
1037 2744 1047 2777 I
1067 2757 1086 2779 n
1105 2755 1164 2780 no
1179 2755 1197 2780 c
1213 2756 1232 2781 8
1248 2757 1270 2780 n
1286 2746 1363 2781 tiu
1380 2757 1396 2781 s
1424 2747 1623 2790 presbyter
1648 2757 1706 2790 ep.
1723 2747 1789 2780 202

290 2801 340 2834 14.
368 2802 446 2836 245.
473 2812 504 2835 .›.
535 2802 586 2835 10.
617 2802 667 2835 15.
1012 2790 1015 2853 f

1081 2804 1128 2836 ab
1155 2803 1385 2847 Hieronymo
1411 2804 1457 2838 ad
1484 2804 1662 2847 Alypium
1685 2810 1722 2839 et
1745 2805 1787 2839 A.
