2078 3054
299 178 385 219 334

344 304 401 347 30,
436 303 490 338 13.
525 313 642 338 ausus
677 306 736 337 est
770 302 884 337 etiam
918 301 1061 336 homini

346 360 540 395 rusticano
564 359 791 394 conductori
814 359 921 394 fundi
942 359 1061 394 eccle-

345 418 424 453 siae
457 417 679 452 comminari
711 417 746 451 II
776 416 833 462 31,
865 416 897 451 2.

298 475 515 510 Victori
554 475 663 510 fratri
703 475 747 509 A.
786 475 867 520 egit
904 474 1061 521 gratias,

345 534 448 578 quod
499 533 792 568 Constantinam
844 542 929 568 cum
979 543 1061 578 per-

344 594 463 635 geret,
493 591 691 635 indicavit,
718 593 758 625 et
783 601 869 641 eum
897 590 1062 636 rogavit,

345 651 500 693 propter
547 648 745 694 negotium
792 647 948 693 aliquod
996 657 1071 693 per⁴

344 706 539 741 Calamam
565 716 733 741 remeare
760 715 808 741 ne
834 709 1062 752 gravaretur

344 763 378 798 II
407 764 464 809 66,
494 764 549 799 16.

298 821 330 855 V
346 821 491 857 ictor
528 821 683 867 quidam
720 820 840 857 Paulo
879 821 1061 867 episcopo

345 879 455 914 dixit:
500 879 683 915 ‘Mortuus
728 879 868 924 fueras,
912 879 944 915 si
985 889 1063 915 non

346 938 601 974 instrumenta
653 937 847 973 dominica
898 937 1063 973 invenis-

346 995 418 1031 ses‘
445 995 480 1030 II
508 995 586 1040 155,
612 995 646 1031 6.

297 1053 592 1098 Victorem,
665 1052 823 1088 Nebridi
895 1053 1063 1098 fratrem,

346 1115 505 1147 matrem
547 1115 650 1147 certe
692 1121 770 1147 non
811 1121 896 1146 esse
936 1111 1063 1146 deser-

346 1169 472 1204 turum
500 1169 662 1214 putabat
688 1169 732 1204 A.
760 1169 777 1203 I
804 1169 861 1214 25,
888 1169 920 1204 1.

298 1227 756 1262 Victorianensis
808 1237 843 1262 v.
895 1226 1063 1262 Restitu-

345 1289 419 1321 tus.

298 1342 682 1378 Victorianum
783 1342 1063 1379 Carcavianen-

346 1411 424 1436 sem
456 1401 685 1437 Donatistae
716 1411 802 1437 cum
833 1401 1062 1436 Maximiano

346 1459 459 1494 simili
511 1459 719 1495 severitate
771 1458 1063 1504 damnaverunt,

345 1517 392 1552 ad
429 1527 541 1562 quem
575 1517 834 1553 adiunxerunt
867 1517 963 1553 alios
997 1527 1063 1552 un-

346 1574 469 1610 decim
498 1575 532 1609 II
558 1575 638 1620 629,
664 1575 698 1611 6.

298 1631 665 1668 Victorianus
731 1632 932 1678 presbyter
996 1642 1062 1677 per

345 1690 493 1726 litteras
522 1690 571 1726 ab
597 1690 816 1737 Augustino
845 1690 994 1736 petivit,
1020 1693 1064 1726 ut

346 1758 485 1794 magno
515 1758 629 1793 opere
658 1748 787 1793 aliqua
814 1749 1065 1794 responderet

346 1805 393 1842 de
436 1805 656 1852 ingentibus
698 1805 883 1851 cladibus,
927 1805 1064 1851 quibus

348 1867 440 1899 tunc
495 1867 619 1899 terrae
673 1863 956 1909 adfligebantur
1010 1864 1063 1899 III

346 1921 425 1966 642,
453 1922 507 1957 17.
534 1933 591 1968 ep.
621 1921 686 1957 111
714 1922 796 1957 eius
825 1925 882 1958 est
909 1932 1064 1967 respon-

347 1989 443 2014 sum.

302 2036 631 2072 Victorinus
675 2037 879 2082 episcopus
921 2040 1062 2073 tracto-

347 2094 442 2130 riam
477 2095 524 2130 de
560 2095 813 2131 convocando
851 2095 899 2131 ad
936 2095 1065 2131 Numi-

347 2151 449 2187 diam
476 2152 640 2188 concilio
666 2153 770 2188 misit
796 2153 840 2188 A.
866 2153 902 2188 H
928 2153 1007 2198 219,
1030 2153 1063 2189 6.

347 2220 445 2254 quae
471 2211 656 2246 tractoria
681 2221 777 2256 quas
804 2211 1064 2247 dubitationes

348 2267 420 2303 sibi
441 2267 657 2313 adtulisset,
677 2279 736 2313 ep.
756 2269 802 2304 59
821 2269 865 2304 A.
886 2268 1065 2314 exposuit

348 2329 388 2360 et
427 2325 476 2361 ob
516 2325 612 2362 alias
653 2336 807 2371 quoque
846 2336 984 2362 causas
1024 2336 1064 2361 se

348 2393 549 2419 occurrere
597 2394 675 2419 non
722 2394 836 2428 posse
884 2384 1064 2420 ostendit.

349 2441 448 2476 inter
482 2441 722 2477 Victorinum
758 2442 856 2477 enim
892 2445 932 2477 et
963 2441 1065 2477 Xan-

348 2498 521 2543 thippum
544 2499 811 2545 Tagonensem
832 2499 1066 2544 episcopum,

350 2556 616 2591 controversia
668 2560 751 2592 erat
801 2556 847 2592 de
900 2557 1065 2602 primatu

349 2613 550 2650 Numidiae
600 2618 638 2649 et
687 2615 928 2650 convocandi
978 2624 1066 2650 con-

350 2671 426 2706 cilii
454 2672 534 2706 iure
562 2671 596 2705 II
622 2671 701 2716 219,
728 2672 782 2707 19.
810 2672 888 2707 220.
917 2672 970 2707 12.

302 2727 335 2759 V
351 2728 362 2762 i
376 2738 396 2763 c
412 2732 427 2763 t
440 2739 462 2763 ο
478 2739 495 2763 r
510 2729 519 2762 i
535 2739 560 2762 n
574 2739 597 2763 u
613 2739 648 2774 s,
684 2728 942 2765 subdiaconus
977 2729 1066 2764 Mal-

350 2785 544 2831 lianensis,
610 2790 738 2822 aetate
804 2797 920 2822 senex
986 2791 1068 2823 erat

352 2843 597 2880 Manichacus
622 2848 659 2879 et
684 2844 722 2878 in
747 2845 817 2879 hoc
844 2854 970 2880 errore
996 2844 1066 2880 sub

968 190 1111 226 Index
1140 190 1184 225 V.

1143 303 1295 338 nomine
1327 303 1455 338 clerici
1486 302 1666 338 latitabat
1696 303 1748 338 IV
1779 302 1859 347 524,

1141 362 1175 396 3.
1223 371 1347 406 neque
1396 361 1579 397 credebat.
1625 362 1747 398 solum
1795 361 1859 396 illa

1143 421 1361 464 praecepta,
1407 418 1486 463 sed,
1531 418 1668 464 quibus
1713 418 1859 454 viribus

1144 479 1307 521 poterat,
1343 476 1458 512 etiam
1494 476 1659 512 docebat
1692 477 1746 512 IV
1779 477 1859 520 525,

1144 535 1199 570 13.
1242 535 1344 579 quod
1385 545 1471 570 cum
1513 544 1654 580 negare
1697 534 1859 579 amplius

1143 602 1222 626 non
1283 595 1426 637 posset,
1489 592 1704 627 auditorem
1768 602 1859 628 sane

1144 649 1464 694 Manichaeorum,
1502 659 1580 685 non
1619 649 1782 685 electum
1820 659 1860 684 se

1145 717 1229 743 esse
1256 707 1457 743 confessus
1487 710 1546 742 est
1570 707 1623 743 IV
1648 707 1729 752 524,
1755 708 1787 742 7.
1817 707 1861 742 10

1145 769 1184 800 et
1223 765 1378 810 rogavit
1417 765 1473 809 A.,
1513 768 1558 799 ut
1597 773 1637 800 se
1678 764 1718 800 in
1758 764 1859 799 viam

1145 823 1343 859 doctrinae
1395 822 1608 858 catholicae
1659 825 1861 858 revocaret

1145 881 1197 916 IV
1223 881 1303 925 525,
1332 881 1386 916 15.
1414 880 1481 916 sed
1507 880 1551 915 A.
1579 880 1661 916 eius
1687 880 1860 916 fraudem

1146 938 1216 974 sub
1263 938 1393 974 clerici
1440 937 1567 983 specie
1616 938 1862 973 vehementer

1144 996 1343 1032 exhorruit
1366 1006 1528 1041 eumque
1553 996 1763 1031 coercitum
1787 995 1863 1041 pel-

1145 1054 1298 1090 lendum
1337 1054 1386 1090 de
1423 1053 1581 1089 civitate
1621 1053 1774 1089 curavit
1810 1053 1862 1088 IV

1144 1112 1224 1158 525,
1251 1112 1305 1147 17.
1331 1111 1469 1148 litteris
1497 1111 1613 1147 etiam
1639 1110 1862 1147 Deuterium

1146 1171 1369 1215 episcopum
1407 1169 1609 1205 certiorem
1646 1169 1750 1214 fecit,
1787 1179 1862 1214 quo

1144 1239 1167 1263 a
1225 1227 1450 1264 clericorum
1507 1227 1631 1273 gradu
1689 1227 1862 1263 deiectus

1146 1286 1343 1322 cavendus
1384 1284 1560 1321 omnibus
1603 1285 1863 1320 innotesceret

1145 1347 1184 1379 et
1233 1343 1379 1389 petenti
1426 1342 1686 1388 paenitentiae
1735 1342 1861 1378 locum

1145 1405 1226 1437 tum
1251 1402 1403 1437 demum
1430 1401 1661 1446 crederetur,
1688 1400 1720 1436 si
1746 1400 1861 1436 etiam

1145 1460 1253 1505 alios,
1285 1470 1381 1505 quos
1412 1458 1587 1495 novisset
1617 1458 1862 1494 Manichaeos

1146 1528 1242 1563 esse,
1276 1517 1529 1553 indicavisset
1561 1517 1613 1552 IV
1645 1516 1726 1561 525,
1761 1516 1815 1551 19.

1098 1575 1341 1621 viduale,
1371 1574 1574 1620 coniugale
1604 1574 1780 1619 accipere
1809 1574 1863 1608 in-

1146 1633 1369 1669 dumentum
1403 1633 1456 1668 IV
1488 1633 1569 1677 629,
1604 1632 1658 1667 14.

1101 1691 1485 1737 Vigesilitana
1538 1689 1645 1735 plebs
1699 1689 1731 1724 si
1785 1689 1862 1734 epi-

1147 1759 1305 1794 scopum
1331 1748 1370 1784 in
1396 1748 1567 1794 plenario
1593 1747 1751 1783 Africae
1775 1757 1863 1782 con-

1147 1807 1235 1843 cilio
1274 1806 1397 1853 gradu
1438 1806 1628 1842 deiectum
1668 1804 1862 1850 suscipere

1146 1865 1323 1910 noluerit,
1368 1874 1461 1900 sano
1505 1863 1631 1908 capite
1675 1863 1862 1899 facturam

1148 1933 1231 1958 eam
1260 1933 1344 1959 esse
1374 1925 1507 1958 censet
1533 1922 1579 1956 A.
1609 1924 1648 1957 et
1677 1920 1765 1966 cogi
1791 1930 1862 1955 nec

1147 1990 1260 2025 posse
1289 1990 1359 2016 nec
1388 1979 1526 2016 debere
1555 1979 1588 2013 II
1615 1978 1695 2023 231,
1722 1978 1779 2013 27.

1100 2038 1432 2074 Vincentius
1467 2037 1671 2082 episcopus
1704 2036 1743 2070 in
1776 2045 1863 2070 con—

1147 2096 1234 2131 cilio
1289 2094 1584 2141 Carthaginensi
1635 2093 1760 2129 adfuit>
1811 2092 1863 2127 III

1146 2154 1227 2198 652,
1254 2154 1287 2189 4.

1097 2211 1428 2247 Vincentius
1454 2208 1864 2256 Rogatista11455,13.

1147 2270 1227 2314 456,
1251 2270 1284 2305 3.
1310 2269 1389 2314 489,
1417 2269 1470 2304 15.
1495 2268 1639 2314 Rogati
1663 2266 1864 2312 presbyter

1148 2326 1371 2372 baptizabat
1391 2326 1425 2361 II
1446 2326 1526 2370 489,
1548 2326 1604 2361 17.
1625 2325 1687 2361 cui
1708 2325 1864 2360 Carten-

1147 2385 1206 2420 nis
1254 2385 1292 2419 in
1339 2383 1579 2419 Mauretania
1624 2381 1865 2418 Caesariensi

1149 2441 1338 2478 successit
1360 2442 1394 2476 II
1418 2441 1497 2486 445,
1522 2441 1577 2476 12.
1602 2441 1681 2485 465,
1705 2440 1761 2475 24.
1784 2439 1864 2484 466,

1151 2500 1206 2534 22.
1221 2500 1313 2535 vivo
1330 2499 1528 2535 etiamtum
1542 2498 1696 2544 Rogato
1711 2498 1756 2532 A.
1771 2497 1863 2532 adu-

1148 2558 1355 2593 lescentem
1374 2557 1489 2602 longe
1509 2567 1533 2591 a
1551 2556 1625 2591 fide
1647 2555 1865 2591 Christiana

1149 2615 1359 2660 sepositum
1398 2618 1435 2650 et
1475 2613 1612 2650 studiis
1650 2613 1863 2648 litterarum

1147 2672 1318 2708 deditum
1354 2672 1455 2717 apud
1491 2663 1762 2716 Carthaginem
1798 2679 1863 2705 no-

1148 2734 1258 2766 verat
1295 2730 1330 2764 II
1366 2730 1445 2774 445,
1484 2729 1539 2764 11.
1576 2728 1656 2773 494,
1694 2728 1749 2763 22.
1787 2727 1862 2772 epi-

1149 2798 1288 2832 scopus
1343 2787 1494 2831 accepit
1549 2786 1593 2821 A.
1649 2785 1863 2830 epistulam,

1149 2856 1261 2890 quam
1297 2844 1476 2879 Vincenti
1510 2853 1594 2879 esse
1630 2853 1706 2879 non
1742 2842 1775 2878 ei
1810 2842 1863 2876 in-
