2078 3054
268 143 348 187 192
935 158 1072 194 index
1106 159 1145 195 V.

311 272 503 316 spiciones
530 273 702 317 suggerit
731 271 762 307 11
788 273 868 316 338,
894 272 1019 309 4-12,

309 330 485 365 diabolus
517 330 678 375 aliquos,
713 341 780 375 per
814 340 910 376 quos
944 341 1020 366 am-

311 387 410 432 plius
437 388 615 431 decipere
642 387 810 433 affectat,
838 388 929 424 sinit
957 388 1020 423 ha-

309 446 396 480 bere
427 445 611 481 nonnulla
639 446 744 480 velut
773 455 891 491 opera
921 447 1019 481 bona

311 503 360 537 lV
394 504 473 549 411,
509 504 538 538 l.
572 503 765 539 scandalis
800 514 877 539 uon
910 513 1020 548 supe-

308 566 414 597 ratur
452 560 640 606 diabolus,
676 562 741 596 sed
781 562 946 597 laetatur
985 560 1019 596 11

307 618 362 662 51,
393 619 444 654 15.

260 676 548 712 diaconus:
616 677 828 713 communis
894 678 1019 713 oratio

307 744 402 770 voce
444 734 598 770 diaconi
641 734 822 772 indicitur
866 734 899 770 11
940 735 1019 779 209,

308 793 362 828 10.
400 792 447 827 de
487 792 598 838 lapsu
638 793 799 829 duorum
838 793 1019 829 diacono-

307 861 402 895 rum,
428 850 492 897 qui
520 861 567 885 ex
596 855 705 896 parte
734 850 875 886 Donati
906 861 1019 886 vene-

307 913 393 943 rant
424 907 457 943 11
489 908 568 952 342,
599 909 631 944 9.

260 965 569 1001 dialectica
614 976 817 1002 nervorum
862 975 1015 1001 suorum

306 1023 512 1061 luctamine
560 1024 653 1059 nibil
699 1025 794 1059 certi
840 1024 1017 1070 cuiquam

307 1081 521 1127 relinquere
551 1082 685 1118 nititur
715 1082 728 1117 I
756 1082 813 1126 38,
843 1083 896 1118 17.
936 1112 939 1115 A

262 1138 519 1185 Didymus
564 1139 862 1184 Alexandrinus,
903 1150 1014 1186 quem

306 1197 500 1233 videntem
530 1208 638 1233 suum
668 1197 925 1243 Hieronymus
952 1208 1018 1244 ap-

307 1255 435 1300 pellat,
472 1256 768 1291 commentarios
803 1256 841 1292 in
875 1255 1018 1301 epistu-

305 1312 380 1349 lam
411 1314 459 1349 ad
492 1313 652 1349 Galatas
684 1313 838 1360 reliquit
871 1313 906 1349 ΙΙ
938 1313 1016 1357 286,

305 1372 336 1407 7.
378 1371 457 1416 318,
500 1371 551 1407 10.
592 1367 647 1407 ab
680 1370 916 1417 Hieronymo
957 1374 1016 1406 est

305 1429 561 1474 reprehensus
592 1429 627 1465 II
656 1429 734 1474 376,
764 1430 797 1464 3.

260 1485 516 1532 Didymus
546 1487 753 1532 episcopus
784 1487 822 1523 in
853 1486 1015 1522 concilio

304 1545 600 1589 Carthaginensi
633 1544 758 1581 adfuit
790 1544 843 1580 Ill
873 1545 953 1589 653,
983 1545 1015 1580 6.

256 1602 393 1638 dies:
429 1607 534 1638 totus
564 1602 660 1648 dies,
692 1607 797 1638 totus
832 1602 1015 1638 circuitus

303 1660 395 1696 solis
427 1661 555 1696 verius
586 1665 830 1705 nuncupatur
862 1671 938 1697 non
968 1660 1016 1695 ab

303 1718 451 1753 oriente
476 1729 596 1764 usque
620 1719 658 1754 in
681 1718 921 1768 occidentem
947 1718 1012 1753 sed

303 1776 351 1811 ab
393 1776 540 1811 oriente
583 1786 702 1822 usque
747 1777 785 1812 in
827 1776 1013 1812 orientem

303 1833 353 1868 IV
401 1834 479 1878 258,
527 1834 580 1869 13.
628 1833 753 1871 solent
799 1833 1014 1879 scripturae

303 1891 402 1927 diem
431 1891 494 1927 vel
520 1892 651 1927 horam
680 1892 795 1928 etiam
825 1902 893 1937 pro
922 1896 1014 1928 tem-

304 1959 395 1992 pore
429 1959 571 1993 ponere
607 1949 657 1984 IV
691 1950 770 1994 232,
801 1950 833 1986 6.
868 1950 906 1985 in
938 1959 1013 1995 quo

302 2018 490 2053 quemque
518 2007 709 2043 invenerit
735 2018 826 2043 suus
843 2006 1014 2043 novissi-

302 2075 385 2100 mus
418 2065 512 2108 dies,
547 2065 585 2100 in
620 2065 689 2099 hoc
724 2075 809 2101 eum
843 2074 1014 2110 compre-

302 2122 443 2157 hendet
480 2123 612 2158 mundi
651 2122 883 2158 novissimus
919 2122 1014 2166 dies,

302 2180 495 2225 quoniam,
517 2180 642 2226 qualis
668 2181 705 2216 in
729 2180 791 2215 die
816 2180 889 2215 isto
912 2180 1014 2226 quis·

302 2248 375 2283 que
418 2238 589 2281 moritur,
633 2238 721 2273 talis
763 2238 801 2274 in
842 2237 905 2274 die
948 2237 1011 2273 illo

303 2295 534 2330 iudicabitur
562 2295 611 2330 lV
637 2296 716 2340 246,
741 2296 776 2338 43
804 2295 850 2336 ct.
877 2295 956 2339 247,
980 2295 1011 2329 6.

302 2353 502 2388 novissimi
536 2353 619 2388 dies
652 2353 747 2388 dicti
782 2357 871 2388 suut
901 2358 940 2387 et
974 2352 1012 2387 in

301 2411 395 2454 ipsis
424 2411 557 2454 primis
586 2410 849 2454 apostolorum
878 2410 1012 2445 diebus

303 2467 352 2502 IV
380 2468 459 2512 264,
485 2468 517 2503 6.
543 2468 627 2503 dies
654 2468 929 2512 superstitione
959 2468 1012 2503 in-

302 2525 422 2561 fames
461 2536 536 2561 non
576 2531 665 2560 sunt
705 2525 938 2561 observandi
976 2524 1011 2559 11

302 2583 378 2627 183,
425 2583 479 2618 20.
526 2583 691 2618 cessatio
737 2582 892 2627 septimi
935 2582 1011 2617 diei

300 2642 349 2675 ab
386 2641 481 2685 ipsis
519 2641 667 2676 naturis
706 2640 918 2676 condendis
957 2640 1012 2675 in-

300 2698 520 2742 tellegenda
567 2703 625 2733 est
676 2698 790 2742 tacta,
841 2708 916 2733 non
964 2697 1011 2731 ab

299 2766 429 2792 earum
498 2756 845 2799 administratione,
912 2766 1010 2801 quae

300 2813 479 2848 conditae
512 2813 729 2848 referuntur
764 2813 814 2848 lv
846 2813 924 2857 337,
955 2813 1010 2847 20.

1106 273 1266 317 primam
1303 276 1449 312 sabbati
1487 277 1544 312 vel
1585 290 1695 314 unam
1733 280 1814 314 sab-

1106 331 1183 367 bati
1221 332 1257 367 in
1293 334 1506 378 evangeliis
1542 343 1690 371 constat
1729 349 1811 372 eum

1105 399 1188 424 esse
1213 390 1325 435 diem,
1351 392 1414 437 qui
1441 398 1576 436 postea
1600 394 1814 430 dominicus

1105 447 1324 491 appellatus
1351 454 1407 484 est
1439 444 1479 484 ls
1497 452 1552 494 57,
1580 452 1634 488 17:
1662 453 1708 494 et.
1739 454 1813 496 188,

1104 505 1135 539 9.
1166 505 1272 540 venit
1302 516 1386 543 cnm
1418 507 1569 542 Christo
1599 509 1814 545 dominicus

1104 562 1198 606 dies,
1232 574 1298 607 per
1331 574 1441 609 quem
1474 565 1599 600 faetus
1630 573 1700 611 est,
1733 568 1814 611 ipse

1105 619 1187 655 dies
1214 621 1429 657 dominicus
1458 622 1490 657 ll
1516 623 1571 667 42,
1596 624 1627 658 9.
1660 625 1711 659 16.
1737 625 1812 660 diei

1103 679 1231 713 octavi
1284 685 1524 715 sacramento
1576 681 1814 726 significatur

1105 737 1335 771 resurrectio
1368 736 1402 772 11
1439 738 1515 782 194,
1548 739 1601 774 12.
1634 739 1716 774 dies
1749 740 1814 774 do-

1104 793 1266 829 minicus
1304 804 1379 830 non
1418 794 1570 831 ludaeis
1607 797 1673 832 sed
1709 797 1814 832 Chri-

1104 851 1239 887 stianis
1270 853 1549 888 resurrectione
1578 854 1724 890 domini
1751 855 1815 890 de-

1104 908 1272 944 claratus
1314 914 1373 945 est
1409 915 1447 945 et
1483 921 1530 946 ex
1571 911 1635 946 iilo
1675 912 1813 948 babere

1104 967 1231 1012 coepit
1259 967 1511 1004 festivitatem
1539 979 1646 1004 suam
1674 969 1708 1005 11
1737 970 1814 1015 194,

1107 1025 1135 1060 1.
1176 1029 1265 1060 ante
1307 1025 1452 1061 domini
1495 1027 1811 1063 resurrectionem

1103 1083 1279 1127 quamvis
1319 1088 1474 1119 sanctos
1514 1089 1645 1130 patres
1684 1086 1813 1121 octavi

1102 1145 1384 1178 sacramentum
1434 1153 1674 1189 nequaquam
1723 1143 1814 1178 late-

1103 1202 1171 1242 ret,
1205 1209 1279 1244 quo
1313 1199 1595 1243 significaretur
1627 1211 1814 1236 resurrec-

1102 1255 1169 1301 tio,
1207 1255 1328 1292 solum
1371 1257 1640 1294 celebrandum
1681 1260 1814 1294 sabba-

1103 1318 1182 1350 tum
1235 1314 1417 1350 traditum
1470 1320 1540 1360 est,
1590 1316 1680 1361 quia
1730 1320 1811 1351 erat

1102 1375 1217 1406 antea
1265 1373 1416 1419 requies
1463 1378 1710 1418 mortuorum,
1759 1384 1812 1409 re-

1102 1429 1289 1465 surrectio
1323 1435 1450 1466 autem
1485 1431 1627 1466 nullius
1661 1436 1743 1467 erat
1779 1432 1812 1466 11

1103 1486 1179 1531 194,
1213 1487 1266 1523 10.
1299 1493 1502 1534 postquam
1532 1489 1637 1524 facta
1667 1494 1724 1524 est
1756 1500 1812 1524 re-

1100 1545 1287 1580 surrectio
1344 1546 1382 1582 in
1440 1556 1600 1590 corpore
1654 1547 1810 1591 domini,

1100 1602 1182 1638 dies
1215 1602 1442 1648 dominicus,
1477 1604 1513 1639 id
1547 1609 1604 1639 est
1637 1609 1810 1649 octavus,

1100 1661 1165 1706 qui
1201 1665 1240 1696 et
1276 1653 1432 1706 primus,
1471 1662 1679 1707 incipiebat
1716 1662 1811 1697 cele-

1101 1718 1201 1754 brari
1233 1718 1266 1753 11
1302 1719 1377 1763 195,
1409 1720 1440 1754 2.
1475 1720 1527 1754 11.
1560 1720 1810 1764 praeponitur

1099 1775 1182 1811 dies
1211 1776 1426 1812 dominicus
1459 1778 1618 1813 sabbato
1651 1776 1725 1814 fide
1755 1788 1809 1813 re-

1100 1834 1359 1878 surrectionis,
1414 1844 1491 1870 non
1531 1835 1809 1871 consuetudine

1099 1891 1320 1929 refectionis
1349 1897 1416 1928 aut
1443 1893 1559 1929 etiam
1588 1893 1808 1928 vinolentae

1099 1949 1255 1985 licentia
1288 1950 1478 1985 cantionis
1514 1950 1548 1985 lI
1583 1951 1639 1994 41,
1676 1951 1728 1985 14.
1762 1960 1807 1984 ex

1098 2007 1301 2051 evangelio
1335 2008 1504 2051 ipsorum
1538 2008 1697 2051 dierum,
1730 2008 1808 2053 qui-

1100 2065 1168 2100 bus
1210 2065 1354 2109 pascha
1394 2065 1578 2101 celebrari
1619 2069 1809 2109 oporteat,

1097 2122 1317 2158 observatio
1355 2133 1421 2167 per
1458 2128 1609 2168 patrum
1646 2123 1807 2158 concilia

1098 2180 1310 2215 constituta
1354 2185 1414 2215 est
1461 2180 1495 2214 11
1542 2180 1620 2225 200,
1668 2181 1721 2217 16.
1767 2185 1806 2214 ut

1098 2238 1356 2283 quadraginta
1378 2238 1431 2273 1111
1451 2238 1534 2273 dies
1554 2243 1643 2274 ante
1664 2238 1807 2283 pascha

1097 2296 1360 2339 observentur,
1390 2295 1576 2331 ecclesiae
1605 2296 1807 2331 consensio

1098 2353 1294 2388 roboravit
1332 2353 1365 2387 II
1403 2353 1481 2396 207,
1516 2354 1546 2388 7.
1583 2353 1666 2388 dies
1700 2353 1807 2399 quin-

1096 2410 1282 2455 quaginta
1314 2410 1350 2445 in
1384 2410 1585 2454 scripturis
1619 2420 1807 2446 commen-

1097 2468 1238 2503 dantur
1263 2478 1339 2503 non
1364 2473 1512 2503 tantum
1539 2468 1576 2503 in
1603 2467 1806 2512 evangelio

1097 2525 1163 2560 sed
1195 2525 1309 2561 etiam
1342 2526 1380 2561 in
1411 2525 1605 2560 veteribus
1635 2525 1740 2560 libris
1772 2524 1805 2559 11

1096 2582 1175 2627 202,
1204 2583 1256 2618 15.
1284 2583 1366 2618 dies
1393 2583 1532 2618 natalis
1559 2582 1703 2618 domini
1730 2592 1805 2617 non

1096 2640 1133 2676 in
1181 2645 1420 2675 sacramento
1467 2640 1692 2684 celebratur,
1739 2639 1805 2674 sed

1096 2702 1244 2733 tantum
1275 2698 1312 2733 in
1339 2698 1559 2733 memoriam
1590 2701 1805 2740 revocatur,

1095 2755 1198 2801 quod
1223 2759 1337 2790 natus
1361 2760 1431 2799 est,
1457 2755 1618 2800 ideoque
1642 2755 1691 2790 ad
1715 2765 1805 2790 eun-

1095 2813 1181 2847 dem
1213 2822 1362 2857 semper
1393 2812 1493 2848 redit
1522 2812 1613 2847 anni
1641 2812 1741 2847 diem
1771 2811 1804 2846 11
