2078 3054
930 125 1072 163 Index
1100 125 1144 162 V.
1728 114 1809 157 271

310 241 403 277 siam
439 241 666 288 confugerat
701 241 735 276 II
766 242 844 287 661,
882 242 937 285 193
972 241 1017 282 cf.

309 300 389 344 662,
427 300 458 335 2.
497 300 550 334 10.
601 300 686 345 quis
722 300 760 335 in
799 300 1020 343 praesentia

311 357 600 392 Donatistarum
644 357 823 392 officialis
865 357 1018 392 anhela-

310 415 388 450 vit?
417 414 468 448 IV
495 415 547 459 14,
575 415 628 450 19.
654 424 840 458 personae
867 414 1019 450 interio-

310 473 362 507 ris
400 472 473 507 loci
511 473 558 507 ab
596 477 757 517 utraque
796 476 906 517 parte
942 483 1018 507 non

311 529 521 565 insolenter
562 530 758 574 accipiunt
800 530 899 565 sicut
939 530 1020 565 offi-

310 587 430 631 cialis,
467 592 505 623 et
542 598 566 622 a
602 598 676 633 quo
715 588 942 623 admovetur
982 591 1018 623 et

309 646 368 680 eui
404 645 631 681 admovetur
664 645 847 688 officium3
881 646 929 681 ab
962 645 1020 679 his

310 708 464 738 extorta
515 714 582 747 per
636 703 914 738 inmoderatam
967 704 1019 738 in-

311 761 542 803 probitatem
584 761 708 804 repeti
751 760 886 804 solent,
929 761 1020 795 data

311 828 378 861 per
421 818 658 854 tolerabilem
702 818 1018 854 consuetudinem

1105 251 1168 276 sus
1197 246 1344 285 patrem
1370 241 1508 277 bellum
1536 246 1688 288 gereret
1713 242 1729 276 I
1755 242 1811 287 40,

1105 299 1135 333 5.
1171 300 1226 343 43,
1259 299 1289 334 1.
1323 299 1415 335 clari
1450 305 1574 335 rector
1609 300 1761 345 Olympi
1796 299 1811 333 I

1105 356 1159 401 90,
1185 358 1217 391 4.

1058 414 1246 449 omnis:
1287 414 1514 450 vocabulum
1552 415 1698 450 ‘omnis‘
1736 425 1811 450 non

1104 476 1252 516 tantum
1305 472 1528 515 simpliciter
1580 473 1645 508 sed
1697 473 1811 508 etiam

1105 534 1324 573 comparate
1369 535 1576 573 usurpatur
1635 530 1688 564 111
1733 530 1812 574 460,

1106 587 1160 621 22.
1186 587 1263 631 576,
1292 588 1320 622 1.
1348 587 1398 621 IV
1425 588 1499 632 108,
1529 589 1558 622 1.
1588 588 1662 632 171,
1691 589 1743 623 14.

1058 645 1076 681 ὁ
1089 659 1115 692 μ.
1127 658 1144 682 0
1159 659 1175 682 0
1189 646 1206 683 ύ
1221 659 1241 682 σ
1255 660 1263 683 ι
1278 659 1294 683 0
1308 661 1325 682 ν
1388 649 1430 679 ut
1490 645 1811 690 anathemaretur,

1105 702 1298 746 flagitavit
1364 702 1602 747 Pascentius,
1670 704 1812 749 quippe

1105 770 1188 793 cum
1234 760 1271 794 in
1317 760 1514 804 scripturis
1559 762 1709 796 ostendi
1754 771 1815 795 ne-

1105 817 1240 861 quiret.
1276 818 1336 852 cui
1372 827 1598 861 responsum
1635 823 1705 863 est,
1741 818 1813 853 etsi

311 886 388 910 non
419 875 543 911 solent
573 876 628 910 III
659 876 737 920 423,
770 876 822 910 16.
1106 874 1268 910 fortasse
1307 885 1445 910 nomen
1483 876 1608 920 ipsum
1646 887 1722 911 non
1760 876 1814 910 in-

264 949 401 985 olea:
443 960 526 985 cum
565 950 669 986 aliud
709 951 759 985 sit
795 950 881 985 olea
915 949 1020 985 aliud
1105 936 1311 999 Yfflurqtffffv
1370 943 1447 968 rem
1505 934 1628 977 ipsam
1685 938 1814 969 tamen

311 1007 486 1053 oleaster,
528 1018 604 1043 non
642 1012 771 1043 tamen
810 1008 883 1042 nisi
921 1008 1021 1043 olea·
1107 1001 1270 1026 mvenffl
1305 1000 1417 1034 posse
1451 991 1502 1025 IV
1535 992 1613 1036 535⁷
1648 992 1700 1027 11·
1735 992 1814 1036 536⁷

311 1070 388 1100 ster
416 1066 462 1100 de
491 1066 636 1101 semine
662 1070 824 1111 utroque
850 1065 1020 1101 nascitur
1106 1048 1137 1082 2·
1171 1049 1222 1083 17·
1254 1047 1334 1112 fier}
1365 1053 1503 1113 POtOSf,
1535 1054 1576 1084 ut
1625 1051 1814 1113 &poetisne-1

312 1122 363 1156 IV
394 1124 471 1168 211,
505 1124 556 1159 13·
1106 1116 1227 1150 neque
1258 1111 1441 1150 scriptum
1470 1118 1507 1140 1n
1536 1110 1680 1142 sanctls
1708 1116 1815 1152 pagi-

337 1191 344 1197 .
573 1192 578 1198 .
1107 1163 1164 1197 nis
1197 1164 1414 1198 inveniatur
1446 1169 1481 1199 et
1511 1168 1638 1199 tamen
1670 1165 1814 1199 dictum

265 1190 613 1228 Ollvet'enffis
645 1192 785 1227 fundus
817 1192 851 1226 Π
883 1192 960 1237 598’
989 1192 1020 1227 8⁸
1106 1221 1143 1255 in
1189 1222 1401 1256 assertione
1450 1221 1538 1256 fidei
1585 1222 1814 1257 defendatur

312 1325 492 1359 honorem
538 1325 719 1368 adeptum
764 1336 846 1360 esse
889 1325 1040 1362 celsio-¹

312 1392 402 1426 rem,
432 1382 474 1416 A.
502 1393 559 1425 ep.
589 1384 633 1417 96
661 1383 695 1417 ei
724 1383 876 1426 scripsit
906 1383 1020 1417 caris-

313 1440 420 1483 simo,
461 1444 502 1474 ut
543 1440 647 1485 dicit,
686 1445 723 1475 et
762 1441 1040 1475 sincerissimo*

312 1506 499 1532 conservo
532 1508 600 1532 suo
630 1498 848 1532 Christiano
879 1497 913 1531 II
942 1498 1021 1542 514,

312 1555 346 1592 5;
372 1556 418 1596 cf.
442 1555 519 1599 516,
545 1556 576 1590 5.
601 1555 712 1589 simul
737 1555 1041 1598 commendavit,

312 1613 347 1647 ei
398 1623 552 1647 causam
605 1613 785 1657 Bonifati,
849 1603 1041 1657 episcop13

313 1669 567 1715 Cataquensis
601 1670 634 1704 II
666 1671 744 1715 514,
777 1671 834 1714 203
866 1671 911 1711 cf.
943 1671 1021 1715 518,

313 1728 366 1762 14.
417 1728 519 1762 fama
568 1728 633 1762 illa
682 1727 834 1773 Olympi
883 1728 1021 1763 litteris

313 1784 539 1820 confirmata
582 1786 623 1820 A.
681 1786 803 1821 altera
856 1786 1022 1830 epistula

316 1844 384 1888 (ep,
425 1843 484 1887 97)
546 1854 630 1878 eum
679 1843 864 1879 salutavit
907 1848 1021 1889 atque

313 1900 521 1944 admonuit,
564 1904 606 1935 ut
647 1902 831 1936 ecclesiae
873 1912 1023 1936 succur-

313 1963 410 1992 reret
458 1963 495 1992 et
539 1948 644 2003 leges
690 1959 784 2003 illas,
831 1970 928 2004 quae
975 1958 1021 1993 de

314 2015 426 2049 idolis
474 2016 762 2060 confringendis
809 2021 848 2051 et
894 2017 1023 2052 haere-

313 2072 399 2106 ticis
459 2073 696 2118 corrigendis
756 2074 792 2108 in
854 2074 1022 2109 Africam

313 2130 451 2164 missae
508 2136 647 2175 essent,
703 2132 927 2167 defenderet
982 2135 1024 2166 ut

314 2187 513 2223 voluntate
555 2189 798 2232 imperatoris
840 2190 1023 2224 constitu—

314 2249 374 2279 tas
411 2245 443 2279 ΙΙ
479 2246 555 2290 517,
595 2247 646 2280 ll.
682 2246 725 2281 A.
760 2247 841 2281 eius
876 2247 1024 2281 numili-

314 2307 431 2337 tatem
476 2308 514 2338 et
558 2303 775 2348 religiosam
822 2305 1023 2339 oboedien-

315 2360 406 2394 tiam
459 2360 603 2405 laudat,
653 2371 785 2396 verum
839 2362 1023 2397 ecclesiae

316 2417 432 2452 fllium
462 2429 546 2452 eum
576 2419 774 2462 praedicat
802 2419 835 2452 ΙΙ
863 2420 942 2464 514,
971 2420 1022 2453 10.

315 2475 393 2519 516,
425 2476 475 2509 18.
506 2476 560 2510 22.

269 2548 541 2593 Olympum
592 2554 756 2585 montem
809 2560 891 2585 cum
942 2550 1023 2584 foro

316 2606 484 2641 civitatis
519 2618 609 2642 suae
642 2608 880 2651 comparavit
913 2607 1044 2654 Maxi-r

317 2675 400 2698 mus
443 2665 715 2707 grammaticus
759 2665 1044 2706 Madaurensis1

319 2721 330 2754 1
363 2722 418 2764 40,
449 2723 481 2756 3.
515 2722 552 2756 in
584 2722 746 2765 Olympo
779 2728 906 2757 monte
942 2709 1044 2774 lup-⁴}

318 2779 416 2822 piter
448 2784 576 2813 castra
606 2780 743 2823 posuit,
775 2790 858 2814 cum
891 2778 1045 2829 adver-l

265 1265 562 1311 Olympium
620 1278 704 1302 cum
761 1267 864 1302 fama
919 1272 1021 1302 esset
1107 1278 1158 1312 IV
1188 1279 1265 1323 537,
1298 1279 1329 1313 6.
1363 1279 1435 1314 etsi
1467 1290 1543 1314 non
1577 1279 1700 1323 ipsum
1731 1290 1815 1315 ver-

1106 1337 1203 1381 bum,
1266 1340 1395 1372 tamen
1458 1337 1558 1382 quod
1623 1337 1815 1383 significat

1105 1396 1306 1443 ὁμοούσιον,
1377 1404 1459 1429 esse
1517 1395 1554 1429 in
1611 1395 1811 1438 scripturis

1106 1452 1274 1487 ostendit
1310 1453 1351 1487 A.
1384 1452 1434 1486 IV
1468 1453 1546 1495 554,
1581 1453 1750 1498 16—556,
1783 1454 1814 1487 4.

1039 1516 1041 1566 [
1060 1514 1088 1548 O
1105 1525 1127 1557 p
1143 1519 1156 1549 t
1172 1518 1220 1549 at
1237 1526 1260 1549 u
1276 1526 1292 1549 s
1318 1515 1583 1559 Gildonianus,
1609 1516 1814 1560 episcopus

1105 1572 1409 1618 Tamugadensis
1456 1573 1734 1608 famosissimus
1778 1578 1815 1609 et

1108 1630 1271 1673 pessime
1310 1630 1531 1666 diffamatus
1571 1631 1603 1665 II
1643 1632 1721 1675 401,
1760 1631 1814 1675 21,

1107 1688 1230 1732 qualis
1257 1689 1294 1722 in
1319 1699 1388 1724 sua
1412 1689 1678 1724 communione
1702 1693 1814 1733 esset,

1106 1745 1332 1781 Donatistae
1381 1757 1457 1782 non
1504 1747 1733 1792 ignorabant
1781 1746 1815 1780 II

1106 1804 1185 1847 400,
1221 1804 1252 1838 3.
1293 1804 1526 1839 Felicianum
1566 1804 1814 1840 Mustitanum

1106 1866 1143 1896 et
1199 1861 1486 1897 praetextatum
1546 1862 1815 1897 Assuritanum

1107 1924 1270 1964 cogente
1300 1919 1440 1963 Optato
1473 1919 1704 1954 Gildoniano
1737 1930 1816 1954 sus-

1107 1982 1288 2020 ceperunt
1340 1988 1423 2012 cum
1472 1978 1659 2021 omnibus,
1721 1987 1816 2022 quos

1107 2034 1277 2069 damnati
1311 2039 1422 2070 extra
1452 2035 1748 2078 baptizaverunt
1781 2034 1816 2069 II

1110 2092 1184 2135 157,
1222 2093 1253 2127 3.
1303 2093 1405 2137 quod
1443 2093 1586 2127 factum
1623 2097 1691 2136 est,
1731 2102 1815 2126 cum

1108 2148 1395 2185 Donatistarum
1432 2151 1605 2194 episcopi
1643 2150 1817 2195 frequen-

1107 2207 1256 2242 tissima
1291 2208 1511 2243 celebritate
1551 2207 1817 2253 Tamugaden-

1109 2265 1160 2299 sis
1198 2264 1328 2309 Optati
1366 2265 1550 2300 natalicia
1584 2270 1745 2311 agerent
1781 2264 1816 2299 II

1107 2322 1185 2366 616,
1235 2323 1286 2357 17.
1346 2322 1573 2358 Donatistae
1634 2321 1816 2367 Optatum

1109 2380 1207 2414 inter
1246 2391 1285 2415 se
1322 2380 1360 2415 in
1398 2380 1643 2423 apertissima
1682 2380 1817 2425 iniqui-

1109 2441 1188 2472 tate
1234 2438 1428 2473 viventem
1476 2447 1544 2481 per
1591 2442 1649 2473 tot
1695 2447 1817 2472 annos

1109 2495 1292 2530 tenebant
1346 2501 1381 2530 et
1438 2486 1551 2530 modo
1610 2499 1816 2539 martyrem

1109 2552 1288 2587 dicebant
1334 2552 1367 2586 II
1414 2553 1492 2597 327,
1538 2553 1593 2587 25.
1653 2551 1817 2596 Optatus

1110 2610 1237 2652 potius
1275 2610 1311 2644 in
1350 2610 1616 2645 communione
1654 2610 1818 2645 toleran-

1108 2666 1179 2701 dus
1213 2667 1516 2712 existimabatur,
1550 2678 1662 2712 quam
1696 2667 1818 2710 partis

1110 2724 1312 2759 discidium
1354 2725 1621 2759 admitteretur
1663 2724 1697 2758 ΙΙ
1738 2724 1817 2768 400,

1110 2782 1164 2816 24.
1191 2781 1416 2816 Donatistae
1442 2783 1598 2826 propt'er
1623 2781 1817 2826 Optatum,
