2078 3054
308 148 431 184 XVlll
950 146 1190 184 Praefatio.

303 269 513 321 asserz'pSz',
546 268 728 310 sanioris
760 266 920 310 lectoris
952 267 1124 308 arbitrio
1155 266 1318 321 reliqui.
1359 279 1483 320 quem
1511 266 1646 325 virum
1679 265 1823 311 Ekke-

302 331 479 373 hardum
502 331 560 373 IV
592 333 648 386 (a.
673 331 836 373 circiter
863 330 1138 384 980—1060)
1173 330 1304 373 fuisse
1333 330 1390 379 in,
1410 331 1689 373 bibliothecae
1717 332 1822 375 San-

302 395 501 450 gallensis
534 396 724 449 catalogo
756 395 1021 436 adfirmatum
1054 395 1176 449 est.¹)
1208 399 1345 436 utrum
1374 398 1515 436 autem
1538 395 1691 446 omnia,
1716 409 1824 449 quae

304 464 399 501 sunt
436 459 678 513 explicandi
722 465 794 500 3111
835 457 1072 513 corrigendi
1110 471 1238 500 causa
1276 471 1402 512 supra
1440 459 1670 501 versiculos
1707 466 1749 500 et
1781 461 1823 501 in

302 523 490 577 margine
512 523 680 578 scripta,
713 522 972 564 Ekkehardo
1003 521 1229 563 tribuenda
1250 523 1335 563 sint
1357 535 1503 574 1166116,
1537 529 1582 564 111
1602 522 1822 575 diiudices,

303 600 384 628 non
409 586 703 639 elaboraveris,
737 600 829 628 cum
853 586 1117 643 coniecturae
1139 590 1302 627 tantum
1333 591 1460 639 atque
1492 585 1708 628 doctrinae
1740 586 1824 628 sint

302 649 473 692 fructus.
507 650 648 691 omnia
680 650 805 705 igitur
835 649 889 691 ad
921 662 1046 691 unam
1080 663 1251 691 manum
1284 649 1354 704 (m.
1379 648 1424 704 2)
1456 648 1750 706 referebam.‘-')

359 712 477 763 Quas
506 714 707 769 epistulas
738 714 780 755 in
813 714 958 755 codice
990 714 1221 755 Parisino
1260 713 1419 754 12226
1453 713 1515 755 bis
1544 719 1690 756 extare
1712 713 1820 756 dixi-

300 791 404 830 muS,
448 790 700 831 quamquam
739 791 793 819 ex
832 777 979 819 eodem
1018 777 1399 836 exemplo'iterum
1439 781 1534 819 sunt
1570 777 1821 833 descriptae,

301 846 454 894 tamen,
497 842 530 883 si
579 855 683 895 quas
729 842 870 883 varias
917 841 1119 899 lectiones
1157 841 1198 882 in
1237 841 1372 883 altera
1408 848 1501 883 utra
1537 841 1821 897 descriptione

299 918 579 960 reppereram,
613 918 685 947 eas
712 905 915 947 adnotare
938 903 1020 948 11011
1044 904 1296 947 cunctabar.
1330 904 1577 960 corrigendo
1599 905 1697 948 huic
1717 907 1823 948 libro

299 981 373 1011 ms.
414 982 582 1023 operam
637 970 823 1011 navabat
876 969 1027 1022 aliquis
1074 969 1248 1010 alterius
1295 969 1389 1010 libri
1438 968 1597 1011 auxilio
1637 969 1820 1022 adiutus,

298 1032 408 1085 quod
449 1046 502 1074 ex
544 1033 720 1085 lacunis,
763 1047 868 1087 quas
910 1033 1113 1088 explevit,
1156 1039 1219 1074 est
1260 1032 1543 1075 manifestum.
1586 1038 1714 1088 atque
1757 1047 1820 1085 ea,

297 1110 403 1149 quae
431 1096 678 1151 corrigendo
705 1097 925 1139 restituere
947 1098 1192 1148 conabatur,
1225 1097 1473 1151 saepissime
1494 1096 1645 1139 mirum
1667 1099 1710 1139 in
1733 1111 1818 1139 mo-

297 1160 395 1201 dum
428 1166 664 1216 congruunt
695 1174 788 1202 cum
821 1160 964 1203 codice
997 1161 1187 1203 Parisino
1223 1161 1374 1202 14480.
1388 1161 1420 1208 3)
1453 1161 1617 1202 tertiam
1655 1175 1820 1215 quoque

298 1237 480 1276 manum,
503 1238 611 1278 quae
633 1225 758 1279 paulo
782 1225 964 1280 nigriore
987 1225 1183 1267 utebatur
1199 1228 1446 1278 ati-,amento
1469 1238 1562 1266 cum
1580 1224 1819 1268 discernere

298 1288 543 1343 coepissem,
562 1288 735 1330 consilio
754 1287 894 1330 destiti
916 1293 1043 1342 atque
1067 1288 1172 1330 haec
1195 1301 1361 1342 quoque
1383 1288 1531 1331 eodem
1555 1301 1648 1330 cum
1671 1302 1821 1331 secun-

296 1350 350 1392 da
381 1365 509 1394 manu
541 1352 661 1407 signo
693 1351 1005 1407 comprehendi.
1038 1351 1222 1406 denique
1254 1365 1363 1406 quae
1395 1351 1553 1407 pallido
1584 1357 1822 1395 atramento

294 1428 610 1470 nonnumquam
641 1421 828 1458 correcta
859 1420 900 1458 et
921 1415 1135 1471 adscripta
1156 1422 1267 1469 sunt,
1300 1421 1400 1457 11013
1432 1431 1485 1457 m.
1507 1420 1534 1458 4
1566 1416 1819 1471 significavi.

355 1480 403 1521 In
440 1480 544 1522 libro
581 1480 821 1522 Vaticano
859 1480 987 1522 3834
1025 1480 1156 1522 multa
1197 1480 1251 1521 ab
1292 1480 1383 1534 ipso
1427 1479 1597 1522 librario
1636 1486 1822 1522 correcta

295 1550 404 1596 sunt,
437 1544 566 1585 multa
586 1557 693 1586 rasa.
722 1543 900 1596 accedit,
933 1544 1044 1598 quod
1065 1543 1318 1586 fuscioribus
1338 1544 1488 1585 litteris
1508 1543 1660 1597 aliquis
1683 1545 1754 1599 (m.
1773 1545 1820 1600 2)

298 1621 425 1662 saepe
456 1608 515 1649 ita
547 1598 801 1662 corrigebat,
827 1612 885 1660 ut,
917 1619 1024 1662 quae
1054 1608 1251 1650 librarius
1289 1607 1541 1662 scripsisset,
1579 1607 1821 1658 obduceret,

294 1685 375 1725 quo
407 1671 563 1713 factum
601 1677 677 1723 est,
719 1677 764 1714 ut
803 1672 877 1713 illa
916 1677 989 1714 aut
1029 1673 1083 1714 ab
1125 1671 1411 1714 emendatrice
1452 1685 1579 1713 manu
1617 1671 1820 1726 distingui

295 1741 508 1789 nequeant
537 1740 611 1777 aut
648 1736 818 1777 omnino
857 1737 1116 1778 evanuerint.
1157 1735 1342 1789 denique
1379 1734 1608 1777 difficultas
1644 1740 1822 1789 augetur

296 1800 418 1842 tertia
456 1813 582 1841 11131111
615 1801 685 1854 (m.
714 1800 772 1855 3),
812 1813 920 1854 quae
957 1800 1182 1842 atramenti
1220 1800 1357 1842 colore
1394 1799 1520 1842 etiam
1558 1800 1730 1855 propius
1766 1798 1821 1840 ad

295 1863 470 1917 primam
512 1863 687 1906 accedit.
731 1877 813 1917 qua
859 1877 903 1906 re
949 1864 1105 1926 talibus
1146 1865 1246 1906 locis
1292 1863 1430 1906 cautio
1477 1863 1685 1917 quaedam
1732 1867 1823 1905 erat

293 1925 550 1969 adhibenda.

353 1990 497 2032 Codex
541 1991 807 2034 Palatinus
849 1991 944 2033 209
984 1992 1168 2046 generis,
1217 1992 1271 2033 ad
1314 1991 1425 2045 quod
1466 1991 1661 2046 pertinet,
1705 1989 1820 2031 vitiis

295 2067 375 2095 non
414 2059 540 2106 caret,
579 2054 652 2096 sed
692 2055 795 2096 nulli
827 2054 951 2098 huius
982 2056 1153 2109 generis
1185 2056 1290 2098 libro
1321 2055 1476 2097 artiore
1508 2053 1820 2110 propinquitate

295 2123 357 2159 est
408 2117 669 2160 coniunctus.
717 2132 743 2160 a
787 2119 956 2161 librario
1008 2118 1334 2173 diligentissime
1387 2123 1429 2166 61
1475 2117 1819 2160 emendatissime

294 2181 472 2236 scriptus
502 2181 677 2223 aliorum
711 2195 876 2236 quoque
908 2183 1237 2225 correctionibus
1269 2196 1404 2238 paene
1435 2183 1619 2224 intactus
1650 2180 1817 2222 mansit.

354 2244 498 2287 Codex
531 2246 794 2288 Parisinus
832 2246 955 2288 1958
988 2261 1062 2302 pro
1091 2244 1386 2301 similitudine,
1419 2260 1544 2300 quam
1577 2258 1672 2287 cum
1705 2243 1817 2285 Pari-

294 2309 384 2350 sino
428 2309 563 2350 12193
602 2309 639 2351 61
672 2322 765 2352 6886
798 2309 997 2363 diximus,
1036 2311 1143 2352 sicut
1174 2311 1244 2353 ille
1276 2310 1549 2366 epistularum
1582 2307 1818 2362 inscriptio-

293 2372 416 2414 nibus
448 2378 573 2414 earet.
612 2372 767 2416 deinde
799 2374 1084 2429 compluribus
1121 2375 1223 2416 locis
1254 2380 1327 2416 aut
1363 2387 1503 2415 rasum
1536 2377 1598 2415 est
1628 2376 1701 2414 aut
1732 2376 1818 2413 tam

354 2517 381 2559 ¹)
407 2516 462 2551 Cf
482 2517 593 2552 Moriz
623 2518 758 2563 Haupt,
785 2518 996 2554 Zeitschrift
1022 2518 1081 2553 fiir
1105 2518 1312 2554 Deutsclies
1337 2518 1520 2553 Altertuiu
1547 2516 1634 2551 Xlx
1662 2516 1719 2561 (11)
1745 2526 1780 2560 p.
1798 2517 1817 2551 7

294 2573 327 2602 et
355 2572 410 2606 21.

349 2622 377 2663 ²)
404 2622 445 2656 In
472 2621 543 2657 u'na
561 2622 719 2666 epistula
740 2625 804 2659 102
829 2626 961 2668 p.548,
990 2626 1031 2660 13
1058 2626 1118 2666 (111.
1136 2626 1156 2659 2
1183 2625 1273 2659 alibi
1296 2623 1484 2669 potestati)
1512 2626 1548 2657 et
1566 2623 1643 2665 549,
1669 2624 1690 2657 9
1716 2620 1777 2663 (111.
1796 2622 1817 2655 2

293 2675 383 2709 alebi
408 2675 548 2714 liciata)
573 2674 711 2709 codicis
737 2675 941 2710 subsidium
968 2676 1167 2711 indicatum
1194 2676 1340 2710 videtur
1367 2685 1458 2710 esse.

351 2726 379 2768 8)
412 2725 467 2760 Cf.
487 2736 540 2770 ep.
560 2729 603 2762 22
634 2738 668 2770 1».
687 2730 740 2770 55,
776 2732 810 2769 1;
844 2730 897 2768 61.
930 2731 968 2771 8,
1001 2729 1055 2771 62,
1090 2730 1148 2769 1ος
1176 2730 1235 2769 11.·
1263 2738 1317 2771 ep.
1340 2730 1403 2764 197
1431 2738 1463 2771 p.
1482 2728 1559 2762 233.
1589 2727 1648 2769 16;
1675 2735 1730 2769 ep.
1752 2726 1818 2761 198

294 2789 326 2821 p.
352 2780 429 2813 235.
471 2782 527 2819 14;
565 2781 643 2822 238,
675 2781 713 2821 93
755 2782 812 2822 11;
844 2782 922 2823 239,
955 2784 991 2816 5:
1028 2782 1086 2821 18;
1118 2782 1196 2815 240.
1227 2783 1260 2815 1:
1300 2781 1377 2815 241.
1406 2782 1464 2816 11:
1503 2781 1637 2818 242.1;
1670 2788 1725 2823 cp.
1751 2778 1819 2812 220

295 2832 422 2873 11433.
449 2833 485 2872 43
513 2833 573 2865 21:
600 2834 677 2865 4:34.
708 2834 746 2867 17
774 2832 1028 2875 311161111111111.
