2078 3054
338 167 360 200 l.
974 165 1215 198 l'ruvt‘atio.

330 282 631 325 restituendam
683 283 941 336 antiquiores
993 282 1158 324 codices
1211 296 1336 336 quam
1389 283 1555 324 saeculo
1607 283 1855 326 XIII—XV

330 347 472 401 scripti
507 360 587 388 non
621 347 955 401 suppetiverunt.
991 347 1061 400 qui
1094 359 1188 387 cuni
1222 347 1263 387 in
1297 345 1402 387 duas
1436 352 1577 401 partes
1599 347 1683 389 sint
1713 347 1853 406 divisi,

329 411 433 452 liber
464 411 730 452 Florentinus
768 424 851 452 una
889 424 981 452 eum
1022 409 1166 451 codiee
1200 410 1304 452 Mus.
1332 410 1429 451 Brit.
1456 411 1568 452 Harl.
1593 410 1703 452 3107
1737 411 1854 455 dete.-

329 475 477 516 riorem
511 480 669 528 partem
704 474 763 515 ita
795 474 997 525 efficiunt,
1032 479 1075 515 ut
1098 474 1366 516 Florentinus
1390 474 1617 516 Harleiano
1650 474 1702 516 sit
1725 476 1854 517 multo

329 538 453 579 etiam
498 538 744 592 corruptior:
795 538 967 579 multum
1011 537 1121 578 enim
1166 542 1393 579 retractata
1435 536 1563 578 habet
1610 538 1720 579 illius
1767 539 1853 592 epi-

328 602 460 644 stulae
496 603 636 644 verba.
660 602 690 654 Γ,

385 666 582 720 Magnam
635 665 816 719 denique
868 665 1158 707 difficultatem
1202 665 1408 707 afferebat
1462 665 1713 708 brevissima
1765 666 1851 720 epi-

327 730 435 771 stula
473 730 568 771 270.
617 730 730 784 typis
773 729 884 771 enim
926 729 1105 784 primum
1150 733 1212 770 est
1257 729 1430 784 vulgata
1462 730 1570 770 inter
1603 729 1851 784 Hieronymi

327 794 526 848 epistulas
563 794 705 846 ibique
744 807 917 835 numero
955 793 1011 834 40
1049 793 1228 848 signata.
1272 792 1428 835 deinde
1462 793 1641 834 Maurini
1680 807 1772 835 eam
1811 793 1852 834 in

326 858 551 912 Augustini
589 858 791 912 epistulas
828 862 1087 911 receperunt,
1132 856 1364 898 Vallarsius
1401 857 1442 898 in
1478 857 1723 910 Hieronymi
1764 855 1850 898 edi—

325 921 437 963 tione
481 927 523 963 ut
559 921 840 963 adulterinam
880 922 920 962 in
961 927 1118 962 tomum
1161 925 1396 962 extremuni
1440 921 1657 975 relegavit.
1701 921 1851 962 librum

324 991 464 1027 autem
503 1000 578 1028 ms.
613 999 706 1027 eum
745 999 952 1039 nusquam
992 990 1267 1027 memoratum
1301 985 1550 1037 invenirem,
1593 998 1730 1026 meum
1763 990 1852 1026 erat

323 1048 540 1104 indagare,
582 1049 625 1091 id
664 1049 773 1104 quod
812 1064 895 1091 non
934 1049 1058 1091 facile
1092 1054 1181 1090 erat
1214 1048 1340 1090 factu.
1383 1062 1481 1090 nam
1515 1048 1609 1102 quis
1639 1048 1694 1090 ad
1727 1062 1850 1102 quem

324 1113 543 1167 epistulam
584 1114 812 1169 scripserit,
855 1128 947 1155 cum
988 1113 1204 1168 inscriptio
1236 1112 1358 1165 desit,
1402 1126 1485 1155 non
1519 1118 1649 1168 patet,
1691 1112 1765 1155 sed
1798 1126 1851 1153 ex

324 1177 412 1219 eius
452 1177 659 1233 principio
701 1177 893 1220 concludi
937 1182 1100 1219 tantum
1143 1182 1283 1232 potest
1325 1190 1416 1219 eam
1455 1177 1497 1218 iu
1530 1176 1676 1219 Africa
1707 1175 1851 1217 datam

323 1254 414 1283 esse
455 1241 508 1283 ad
548 1242 844 1296 Augustinum.
889 1256 971 1295 qua
1011 1255 1055 1283 re
1098 1255 1191 1283 cum
1235 1241 1306 1283 diu
1349 1241 1610 1294 multumque
1652 1241 1849 1283 librorum

322 1318 418 1346 mss.
453 1305 614 1347 indices
647 1306 800 1347 frustra
834 1311 1120 1360 perscrutatus
1153 1319 1303 1358 essem,
1342 1304 1513 1346 tandem
1545 1304 1776 1357 aliquando
1808 1305 1849 1344 in

323 1382 405 1410 uno
446 1369 589 1412 codiee
627 1369 783 1411 saeculi
815 1370 909 1422 XV,
952 1370 992 1411 id
1033 1374 1097 1411 est
1135 1370 1175 1410 in
1210 1368 1498 1412 Monacensi
1530 1369 1641 1420 496,
1683 1368 1754 1421 qui
1787 1368 1848 1409 in-

321 1433 515 1475 scribitur
545 1434 784 1476 ‘Sermones
817 1438 858 1475 et
890 1434 1096 1489 epistulae
1128 1433 1215 1474 divi
1251 1433 1526 1488 Hieronymi‘,
1566 1432 1848 1475 desideratam

321 1497 543 1551 epistulam
596 1498 866 1552 investigavi,
928 1511 1009 1551 quo
1061 1502 1304 1538 contentum
1359 1510 1423 1538 me
1477 1509 1570 1538 esse
1616 1496 1849 1551 oportebat,

319 1561 512 1613 quamvis
543 1562 804 1615 antiquiores
837 1561 1005 1603 codices
1036 1574 1119 1602 non
1153 1560 1302 1602 deesse
1326 1560 1427 1601 mihi
1451 1573 1699 1615 persuasum
1724 1566 1848 1601 esset.

320 1624 359 1665 in
400 1638 481 1678 quo
519 1625 662 1667 codice
694 1625 841 1667 titulus
874 1630 954 1667 est:
997 1627 1113 1679 Ja'pl'a
1141 1618 1207 1668 BE
1236 1620 1400 1666 hieroni
1429 1637 1567 1677 neque
1599 1624 1730 1666 verba
1763 1623 1850 1678 epi-

319 1689 454 1730 stulae
488 1690 662 1730 multum
696 1688 940 1743 discrepant
970 1690 1024 1731 ab
1059 1688 1330 1731 editionibus.

321 1942 374 1989 (2¹.
415 1941 506 1989 DE
547 1940 901 1990 EPISTULIS
947 1940 1336 1989 AUGUSTINI
1382 1939 1474 1987 Ab
1514 1938 1844 1986 HIERONY—

378 2034 528 2082 MUM
572 2033 1089 2082 ETHIERONYMI
1127 2033 1220 2081 AD
1259 2030 1796 2095 AUGUSTINUMs-'i

375 2176 512 2227 Atque
545 2173 648 2215 haee
681 2173 850 2227 quidem
884 2174 1100 2216 hactenus.
1135 2172 1396 2227 disputatum
1430 2175 1493 2213 est
1515 2171 1643 2225 igitur
1665 2170 1845 2224 primum

318 2237 368 2279 de
392 2238 666 2292 epistularum
690 2238 906 2280 codicibus
929 2238 986 2292 (p.
1012 2237 1106 2279 XI*v
1127 2236 1341 2291 XXVII),
1365 2234 1521 2277 deinde
1544 2233 1596 2276 de
1618 2232 1848 2284 codicibus,

318 2302 387 2354 qui
429 2302 651 2344 nonnullas
693 2307 853 2344 tantum
897 2301 1100 2357 epistulas
1142 2314 1226 2342 una
1269 2313 1361 2342 cum
1404 2298 1499 2340 aliis
1541 2297 1708 2352 seriptis
1750 2309 1846 2338 eon-

317 2366 480 2408 tineant
502 2366 559 2421 (p.
583 2366 906 2420 XXVIII—Dm
932 2379 1045 2407 nunc
1067 2363 1295 2407 dicendum
1319 2368 1383 2406 est
1404 2362 1457 2405 de
1482 2360 1735 2416 quibusdam
1759 2360 1846 2415 epi-

317 2430 450 2479 stulis,
484 2443 592 2483 quae
623 2430 767 2484 aliqua
797 2430 962 2472 ratione
994 2429 1104 2471 inter
1136 2441 1179 2471 se
1203 2428 1468 2478 coniunctae,
1502 2430 1699 2480 separata
1721 2437 1848 2477 quae-

317 2494 453 2536 stione
485 2499 530 2535 ut
560 2498 804 2547 tractentur,
837 2493 1065 2548 postulant.
1099 2506 1153 2535 ex
1178 2492 1332 2545 quibus
1354 2490 1488 2545 primo
1510 2489 1599 2531 loeo
1623 2493 1848 2543 ponantur,

317 2571 441 2611 quae
474 2558 603 2600 inter
626 2557 962 2613 Augustinum
996 2562 1041 2598 et
1067 2556 1424 2610 Hieronymum
1455 2553 1637 2595 missae
1668 2565 1845 2606 accep-

317 2627 496 2675 taeque
534 2627 662 2663 sunt.
707 2621 934 2676 Augustini
972 2625 1113 2662 autem
1146 2619 1312 2661 litterae
1345 2622 1441 2660 sunt
1474 2617 1541 2658 28.
1574 2616 1642 2657 40.
1677 2616 1745 2657 457.
1779 2616 1845 2656 71.

319 2685 383 2727 73.
424 2684 491 2727 82.
535 2686 627 2727 166.
676 2685 767 2737 167,
812 2684 1060 2738 Hieronymi
1099 2684 1166 2724 39.
1208 2683 1276 2722 ⁴58.
1312 2682 1377 2723 72.
1414 2681 1480 2722 75.
1516 2680 1581 2721 81.
1622 2680 1712 2720 123.
1753 2679 1845 2720 172.

378 2803 400 2840 ¹)
428 2801 535 2835 Hunc
560 2801 722 2835 codicem
749 2800 903 2834 contulit
932 2800 1014 2833 Ern.
1036 2797 1210 2833 Kalinka.

375 2855 400 2896 ²)
430 2853 482 2886 Dr·
510 2852 564 2886 liis
591 2852 758 2896 epistulis
785 2852 817 2885 in
840 2851 1053 2896 Hieronymi
1082 2850 1306 2883 oditionilms
1333 2848 1520 2892 dispositis·
1547 2848 1591 2880 ‹·t'.
1614 2847 1704 2880 intra
1733 2858 1765 2890 p.
1787 2846 1843 2879 (Ἰ.
