2078 3054
892 125 1132 161 Praefatio.
1645 125 1771 163 XXXI

255 244 499 300 pendiorum
533 243 805 286 difficultates
836 243 1107 298 expediebat3
1140 243 1296 298 passim
1327 248 1480 296 autem,
1514 257 1607 285 cum
1640 244 1773 286 codex

254 308 472 363 pallidiore
507 313 745 350 atramento
783 308 997 350 confectus
1030 313 1152 359 esset,
1194 307 1356 349 litterae
1388 307 1603 350 decolores
1636 308 1774 350 factae

255 386 307 413 m.
334 372 359 411 2
386 372 525 414 denuo
558 372 877 413 inducebantur.

313 436 511 477 Eiusdem
548 435 712 486 aetatis,
754 434 797 476 id
834 440 897 477 est
928 435 1083 475 saeculi
1118 435 1195 475 VII
1229 435 1326 483 (VII
1361 435 1426 476 vel
1459 435 1561 476 VIII
1594 448 1674 476 see.
1700 449 1772 476 no-

254 512 352 539 vum
385 498 642 553 catalogum)
675 504 738 540 e'st
770 498 902 540 codex
939 498 1200 539 Palatinus
1233 498 1328 539 210
1359 498 1595 540 uncialibus
1626 498 1773 540 litteris

252 562 446 616 scriptus,
489 575 598 615 quae
629 576 756 616 saepe
788 563 846 603 ita
877 567 975 603 sunt
1007 561 1196 612 detritae7
1239 566 1280 602 ut
1312 562 1384 602 vix
1417 562 1498 616 legi
1521 562 1694 617 possint.
1730 562 1771 602 in

252 639 334 678 quo
367 626 470 666 libro
501 626 646 667 insunt
676 626 884 680 epistulae
919 624 1011 666 130.
1046 625 1112 665 36.
1150 625 1241 664 127.
1276 625 1470 667 librarius
1492 626 1583 680 ipse
1598 620 1773 680 'perraro

251 689 498 743 corrigebat,
532 689 702 743 saepius
733 689 842 730 alius
873 689 936 729 vir
967 687 1127 740 doctus.
1170 689 1240 741 qui
1274 701 1367 729 cum
1399 690 1522 730 etiam
1556 690 1772 741 nonnulla,

252 765 359 804 quae
391 752 460 794 ille
492 752 778 807 praeterierat,
811 751 998 804 adderet,
1016 753 1047 806 ¹)
1079 766 1163 794 non
1196 752 1286 793 sine
1313 752 1488 794 alterius
1511 752 1666 794 codicis
1694 766 1772 807 ope

251 814 292 856 id
335 829 429 858 eum
472 816 624 857 fecisse
666 821 792 870 patet.
837 821 1056 869 praeterea
1094 816 1135 856 in
1173 815 1325 866 indice,
1368 815 1480 868 quod
1518 815 1673 858 codicis
1711 822 1772 858 est

250 879 515 933 principium,
549 884 738 920 extremo
761 879 887 920 etiam
910 879 1114 933 epistulae
1137 880 1191 919 60
1214 886 1254 920 et
1277 880 1358 919 245>
1382 884 1770 932 commemorantur,

248 942 415 984 amissis
446 947 587 984 autem
622 942 732 985 foliis
764 943 984 997 postremis
1017 956 1098 984 non
1131 943 1313 996 amplius
1345 948 1504 984 extant.

308 1006 489 1047 Easdem
523 1006 726 1060 epistulas
758 1006 866 1047 sicut
898 1012 1037 1048 cetera
1067 1019 1235 1059 quoque
1267 1006 1424 1061 scripta
1456 1007 1602 1049 eodem
1626 1008 1771 1050 ordine

249 1069 377 1111 habet
405 1069 539 1111 codex
572 1070 836 1111 Parisinus
868 1084 973 1111 nov.
1007 1083 1112 1123 aeq.
1150 1069 1277 1110 1448
1310 1084 1418 1112 saec.
1444 1071 1517 1123 IX,
1551 1071 1769 1124 quiquam

249 1133 439 1186 proxime
485 1133 647 1174 aceedit
686 1133 739 1174 ad
783 1134 961 1174 Palatini
1005 1133 1088 1174 210
1129 1133 1445 1176 similitudinem
1489 1148 1628 1188 neque
1670 1149 1769 1177 vero

247 1196 401 1249 pendet
443 1210 495 1237 ex
539 1210 604 1250 eo3
648 1196 722 1238 sed
765 1203 923 1249 quanto
959 1198 1179 1250 recentior,
1223 1203 1337 1238 tanto
1377 1203 1439 1239 est
1472 1198 1769 1253 11·=endosi0r.2)

246 1265 372 1311 atque
415 1259 482 1301 hic
523 1260 626 1301 liber
669 1274 762 1301 cum
806 1261 968 1314 integer
1010 1261 1074 1312 sit,
1117 1262 1158 1302 in
1201 1260 1282 1301 fine
1325 1261 1452 1302 habet
1489 1262 1581 1303 illas
1620 1263 1770 1303 breves

246 1323 447 1376 epistulas
485 1323 539 1364 60
571 1329 611 1365 et
643 1324 739 1375 245,
784 1323 894 1376 quod
931 1337 1023 1365 sero
1061 1338 1126 1365 me
1160 1326 1412 1381 cognovisse
1449 1324 1581 1366 doleo.
1626 1326 1768 1379 itaque

246 1386 323 1427 hoc
354 1388 444 1429 loco
476 1388 616 1429 varias
648 1388 850 1429 lectiones
882 1384 1162 1429 subiciendas
1185 1388 1392 1442 cui·avi.³)
1551 1382 1556 1386 ⁴

302 1450 366 1491 Ad
400 1464 504 1504 quos
537 1451 703 1493 codices
735 1451 1032 1506 adiungendus
1055 1456 1117 1493 est
1140 1451 1615 1494 Clieltenhamensis
1641 1453 1767 1494 1712

246 1514 302 1566 (M
338 1513 462 1569 504),
501 1528 613 1556 nunc
645 1515 929 1557 Berolinensis
962 1516 1011 1555 31
1055 1515 1171 1556 codd.
1204 1514 1325 1556 Phill.
1353 1516 1463 1556 1712
1494 1529 1604 1558 saec.
1638 1517 1679 1558 X
1711 1518 1767 1559 in.

246 1578 487 1632 scriptus,⁴)
521 1579 590 1631 qui
625 1584 663 1619 et
696 1579 785 1633 ipse
818 1578 965 1620 eadem
999 1579 1203 1632 opuscula
1236 1579 1448 1632 quondam
1471 1579 1619 1621 habuit
1639 1585 1767 1634 atque

305 1698 328 1739 ¹)
356 1698 571 1741 t'f.ep.130
598 1709 630 1742 p.
650 1701 703 1735 69.
733 1702 789 1741 12;
818 1702 870 1735 76.
900 1702 956 1741 19;
992 1702 1046 1742 77,
1074 1703 1110 1741 23
1140 1711 1194 1744 ep.
1214 1702 1257 1735 36
1283 1711 1316 1744 p.
1335 1702 1388 1742 33,
1416 1702 1452 1743 6;
1484 1702 1539 1744 46,
1570 1702 1626 1744 123
1652 1703 1706 1745 48,
1735 1704 1764 1737 2.

303 1752 329 1784 ²>
358 1750 463 1783 Hunc
490 1750 621 1785 librum
649 1751 883 1786 contulerunt
909 1752 952 1785 A.
972 1751 1157 1786 Swoboda
1185 1755 1221 1786 et
1246 1752 1342 1796 Aug.
1364 1752 1554 1787 Haberda.

302 1802 328 1846 ³)
356 1802 429 1845 Ep.
451 1802 498 1837 60
529 1814 562 1845 p.
585 1802 669 1847 221,
697 1805 715 1837 2
743 1803 875 1838 domno
1018 1806 1038 1839 3
1065 1809 1100 1838 et
1127 1817 1191 1839 om.
1335 1805 1467 1849 papae]
1493 1808 1619 1839 saneto
1647 1803 1764 1850 papae

244 1857 262 1886 Γ)
292 1860 374 1888 tuac
401 1854 518 1888 nullas
614 1855 905 1889 venerabilitatis
931 1856 1056 1899 accepi
1083 1867 1124 1890 cx
1152 1867 1224 1900 quo
1320 1859 1339 1892 6
1366 1857 1489 1901 accepi
1508 1870 1572 1892 om.
1671 1858 1765 1892 lecta

245 1905 398 1948 0p1stula
521 1909 538 1941 7
566 1906 643 1940 cius
670 1906 756 1950 quid
784 1908 834 1949 (et
862 1908 943 1951 om.)
1066 1912 1104 1944 11
1133 1908 1238 1951 servi,
1266 1921 1308 1943 m.
1331 1914 1369 1943 ut
1394 1910 1463 1944 vid.
1485 1913 1501 1942 l
1530 1922 1620 1945 corr.
1648 1910 1763 1945 servis

246 1959 286 1992 13
313 1958 447 1992 ordine.
475 1970 517 1992 m.
539 1964 576 1992 ut
601 1960 670 1993 vid.
691 1963 709 1993 1
738 1971 826 1994 corr.
849 1959 964 1993 ordini
1030 1960 1256 2002 dissertores,
1284 1972 1352 1995 ras.
1373 1967 1405 1996 et
1423 1973 1512 1996 corr.
1533 1974 1576 1996 m.
1595 1967 1635 1997 ut
1654 1962 1723 1997 vid.
1744 1968 1760 1996 1

243 2008 448 2045 desertores
576 2014 614 2046 14
642 2011 832 2055 eriguntur
965 2015 1004 2048 15
1032 2013 1277 2056 probatiozes.
1305 2026 1347 2047 m.
1368 2018 1386 2047 1
1415 2026 1505 2049 corr.
1533 2014 1763 2057 probatiores

246 2063 285 2095 17
313 2060 440 2095 dicunt
465 2074 529 2097 om.
626 2074 688 2096 eor
714 2063 797 2097 aula
895 2066 934 2100 18
960 2065 1200 2107 vocabuntur,
1228 2076 1297 2099 ras.
1318 2065 1537 2099 iocabuntur
1635 2069 1675 2102 19
1701 2067 1762 2110 ad]

244 2112 277 2145 in
375 2123 411 2155 p.
431 2113 518 2157 222,
548 2117 561 2149 1
591 2113 778 2149 sufficiens
804 2127 867 2149 om.
977 2118 996 2151 2
1023 2127 1179 2160 persona
1284 2119 1304 2151 3
1331 2117 1412 2160 sed]
1437 2128 1562 2152 verum
1670 2122 1689 2153 4
1717 2118 1762 2152 d(-

243 2165 462 2199 monasterio
490 2165 726 2201 recessissent
751 2179 815 2202 om.
914 2171 931 2202 7
961 2168 1186 2203 mxitentibus
1284 2171 1324 2204 13
1351 2168 1498 2204 honoris
1525 2170 1761 2214 caritatisque

243 2226 353 2249 causa
378 2227 449 2250 non
562 2222 602 2255 14
629 2223 663 2252 tc
691 2231 756 2254 υηι.
879 2223 919 2255 15
946 2220 1174 2264 perspexeris
1201 2221 1318 2264 amen]
1348 2231 1426 2255 esse
1452 2222 1691 2265 perspexeris.
1721 2242 1760 2247 -

244 2267 315 2310 Ep.
336 2268 409 2302 245)
437 2279 475 2312 p.
495 2270 582 2314 581,
612 2273 651 2306 16
669 2271 840 2314 possideo
936 2272 1164 2307 et-fratribus
1190 2284 1255 2307 om.
1337 2275 1378 2309 18
1397 2273 1535 2317 uolunt,
1562 2286 1604 2309 m.
1625 2279 1643 2308 1
1671 2286 1759 2309 corr.

244 2319 370 2353 nolunt
456 2322 495 2356 19
523 2320 585 2365 eis,
612 2334 655 2356 m.
674 2325 697 2356 2
722 2333 801 2356 cum
830 2323 881 2357 eis
965 2324 1138 2359 ostendas
1164 2335 1236 2364 non
1263 2324 1387 2368 licere]
1414 2325 1605 2368 epistolam
1630 2327 1761 2360 sancti-

242 2371 329 2405 tatis
354 2377 438 2406 tuae
463 2373 524 2407 sed
551 2386 592 2408 m.
613 2379 630 2408 1
658 2386 735 2419 eaep.
834 2386 870 2418 p.
891 2375 978 2419 582,
1007 2380 1022 2412 1
1051 2377 1150 2420 quod
1175 2375 1327 2421 faciunt,
1352 2389 1394 2411 m.
1414 2383 1454 2411 ut
1478 2379 1548 2413 vid.
1565 2382 1588 2412 2
1613 2378 1675 2422 qui
1693 2378 1759 2412 hoe

244 2421 382 2457 faciunt
505 2425 658 2469 epistola
686 2428 724 2468 (-
757 2430 861 2469 eras.)
986 2431 1072 2462 tuac
1098 2440 1166 2463 ras.
1187 2433 1227 2462 ut
1252 2428 1322 2463 vid.
1342 2440 1384 2463 ex
1409 2439 1496 2463 suae
1615 2433 1634 2465 5
1661 2440 1761 2474 prae·

243 2484 423 2518 p‹.›pcran:.
451 2484 493 2510 m‘.
513 2480 536 2511 2
562 2488 840 2522 praeproperam
983 2483 1003 2515 6
1029 2480 1219 2521 coniugati
1245 2493 1288 2515 m.
1306 2484 1330 2515 2
1355 2492 1396 2515 ex
1421 2481 1598 2516 coniurati
1624 2487 1664 2517 ut
1689 2482 1759 2517 vid.

243 2530 262 2559 t)
288 2527 428 2571 capillis
541 2532 582 2565 10
607 2531 787 2565 maritatis
899 2531 1014 2566 fucari
1039 2536 1161 2566 autem
1188 2532 1402 2577 pigmentis]
1429 2533 1551 2568 faeere
1577 2533 1759 2578 tigmentis

245 2580 285 2613 12
312 2590 349 2613 sc
375 2580 486 2624 nolle]
512 2582 625 2616 senoli
736 2585 777 2618 13
804 2583 958 2618 t'acmine
1058 2588 1098 2621 14
1124 2586 1223 2627 nain]
1249 2595 1319 2618 non
1417 2588 1458 2620 15
1484 2585 1648 2629 mendax,
1676 2598 1719 2620 m.
1736 2590 1760 2620 2

243 2632 396 2666 mendax
425 2637 480 2668 est
623 2637 662 2671 17
689 2640 822 2679 autem,
849 2649 891 2671 m.
910 2641 934 2671 2
960 2641 1014 2671 est
1040 2640 1162 2672 autem
1299 2639 1339 2672 19
1366 2647 1403 2671 sc
1429 2637 1486 2674 ad,
1512 2650 1556 2672 m.
1572 2641 1598 2673 2
1621 2638 1687 2672 sed
1712 2638 1757 2672 ad

243 2693 280 2726 p.
300 2685 389 2728 5183,
419 2689 432 2722 1
461 2687 803 2730 superstitutionum
945 2691 965 2725 2
991 2689 1117 2732 sotius,
1144 2701 1234 2724 corr.
1254 2688 1369 2724 sotios
1501 2692 1521 2725 3
1548 2692 1598 2733 et]
1625 2690 1756 2725 etenim

242 2736 351 2776 (onim
380 2749 423 2771 m.
443 2742 461 2771 1
487 2741 581 2783 exp.)
695 2742 714 2774 ό
741 2741 909 2784 propria(¹
1016 2744 1037 2778 <3
1062 2741 1188 2775 maiori
1215 2741 1351 2776 scelere
1377 2752 1414 2775 se
1535 2743 1576 2778 13
1602 2741 1755 2786 cogeris.

299 2789 325 2830 ⁴)
357 2788 459 2822 llunc
487 2790 645 2823 codicem
675 2792 828 2825 &intulit
857 2792 965 2826 Hom:
987 2792 1156 2826 Schenkl.
