2078 3054
227 95 308 139 144

270 235 408 270 Audax
447 233 499 268 IV
537 232 616 275 616,
657 231 714 266 11:
753 221 1006 265 Volusianus'

269 294 322 328 III
353 293 409 337 92,
442 293 477 335 73
510 290 742 327 Consentius
775 288 809 323 ΙΙ
841 288 920 332 704,
950 287 988 330 33

269 351 498 386 Valentinus
539 349 589 384 IV
629 349 710 391 397,
747 348 784 390 33
824 346 988 391 Prosper

269 410 320 444 IV
343 410 423 454 455,
445 410 479 444 4.
505 408 562 451 1ος
586 406 830 442 Marcellinus
853 404 907 439 111
931 404 988 447 93,

268 468 304 511 63
342 467 530 502 Maximus
567 464 842 511 grammaticus
878 462 895 497 I
932 462 988 507 38,

269 527 323 560 14.
359 524 542 561 Nebridio
579 524 623 558 A.
660 522 847 568 epistulae
884 519 987 556 Chri-

268 588 380 627 stum,
411 583 622 627 Platonem,
653 581 847 616 Plotinum
878 589 987 615 sona-

267 642 361 677 bant
406 642 422 676 1
470 641 525 685 12,
573 641 604 685 1,
651 639 855 675 Nectarius
900 647 995 684 eum,

267 712 354 737 cum
388 700 572 736 Cicerone
606 701 805 743 comparat
839 697 874 732 II
906 696 987 741 579,

267 761 299 795 7.
333 759 572 795 abundantia
605 757 730 794 laudis
766 760 803 792 et
838 757 986 791 tumore

268 819 447 860 eminent,
487 828 585 863 quae
628 815 794 852 Severus
834 824 986 850 coacer-
1020 861 1022 864 Ι

268 878 377 913 vavit
424 877 460 912 II
508 877 588 919 635,
638 875 811 919 10—636,
861 874 915 909 14.
964 883 987 908 a

267 936 405 981 quibus
430 934 648 970 hominibus
673 937 712 969 et
736 932 873 978 quibus
898 941 985 967 con-

265 993 482 1030 dicionibus
538 992 687 1028 laudari
742 991 871 1035 vellet,
926 1000 986 1035 ep.

267 1052 333 1088 231
365 1052 408 1087 A.
438 1051 555 1087 Dario
588 1041 778 1096 exposuit.

218 1129 250 1163 A
265 1139 289 1163 u
305 1139 323 1163 r
337 1138 357 1163 e
371 1128 383 1162 l
398 1128 409 1163 i
424 1139 448 1162 ιι
463 1137 498 1172 s,
547 1127 751 1172 episcopus
800 1123 986 1160 ecclesiae

268 1186 482 1222 catholicae
550 1183 865 1230 Carthaginensis
931 1181 985 1217 III

265 1245 323 1289 34,
348 1245 379 1279 1.
402 1244 460 1288 39,
487 1244 542 1279 18.
568 1253 686 1279 senex
710 1241 926 1287 appellatur
950 1240 985 1275 II

267 1303 347 1347 230,
375 1303 429 1338 19.
456 1302 536 1346 231,
561 1302 615 1336 19.
641 1301 694 1336 IV
720 1301 798 1343 163,
824 1299 880 1335 16.
906 1299 985 1343 176,

266 1362 322 1397 16.
358 1361 403 1396 Α.
439 1360 640 1406 presbyter
675 1360 725 1395 ad
761 1369 847 1394 eum
883 1357 986 1392 misit

267 1430 325 1464 ep.
347 1419 392 1454 22
412 1419 459 1455 de
479 1418 723 1454 removendis
743 1416 791 1452 ab
811 1416 985 1453 ecclesiis

266 1481 304 1514 et
340 1477 537 1513 cimiteriis
573 1474 912 1512 comissationibus
949 1478 986 1511 et

264 1536 531 1580 ebrietatibus,
575 1535 688 1571 simul
731 1534 986 1580 comperimus

266 1595 463 1630 Aurelium
511 1593 694 1629 fratribus
741 1603 875 1638 agrum
923 1592 985 1628 de-

266 1653 368 1689 disse
396 1653 414 1688 I
440 1653 497 1697 62,
527 1653 581 1687 11.
610 1652 794 1688 Paulinus
822 1651 872 1687 ad
900 1661 985 1687 eum

267 1711 422 1757 scripsit
455 1711 471 1746 Ι
504 1711 561 1755 75,
596 1712 639 1745 14
673 1714 712 1746 et
745 1709 794 1745 ab
828 1720 874 1746 eo
909 1709 986 1754 epi-

267 1770 407 1806 stulam
454 1770 606 1815 accepit
653 1769 688 1804 II
734 1770 768 1813 8,
816 1768 872 1803 21.
919 1778 986 1813 per

267 1828 463 1864 Aurelium
503 1833 541 1864 et
581 1828 763 1873 Alypium
801 1827 985 1862 Paulinus

268 1887 312 1922 A.
356 1887 542 1932 cognovit
582 1887 598 1921 I
641 1886 719 1931 123,
762 1885 817 1921 19.
859 1886 904 1920 A.
945 1888 986 1921 et

268 1945 430 1990 Alypius
474 1955 532 1990 ep.
573 1945 616 1980 41
658 1944 815 1980 Aurelio
856 1946 985 1990 gratu-

266 2004 405 2048 lantur,
430 2004 532 2048 quod
555 2002 790 2048 presbyteris
815 2012 855 2038 se
878 2012 986 2047 prae-

268 2066 376 2098 sente
412 2071 645 2097 ⁴sermonem
699 2061 750 2097 ad
802 2060 984 2106 populum

267 2120 407 2156 habere
456 2120 695 2166 permitteret
742 2119 778 2154 II
826 2119 882 2164 81,
931 2119 986 2154 14.

267 2179 445 2214 Aurelius
480 2179 525 2213 A.
562 2178 717 2224 scripsit
750 2179 798 2214 de
833 2178 986 2213 Donato

266 2241 306 2273 et
338 2237 419 2273 eius
452 2237 582 2282 fratre,
614 2237 678 2282 qui
711 2236 985 2272 monasterium

268 2296 518 2331 deseruerant
568 2295 603 2330 II
654 2295 733 2339 221,
781 2295 804 2330 6
854 2298 891 2330 et
941 2294 986 2329 A.

268 2354 466 2398 respondit
511 2353 676 2398 epistula
718 2354 774 2388 60.
819 2353 986 2398 itemque

267 2412 492 2457 disciplinae
541 2411 829 2449 ecclesiasticae
874 2421 988 2456 quae-

269 2473 433 2508 stionem
472 2471 638 2508 habebat
676 2473 722 2508 de
761 2471 986 2517 presbytero

269 2533 488 2578 Quintiano,
548 2543 661 2578 quem
721 2533 766 2568 A.
826 2543 884 2578 ep.
943 2533 988 2568 64

268 2595 424 2640 Aurelio
476 2594 725 2631 reconciliare
776 2593 989 2630 conabatur

271 2655 305 2690 ΙΙ
332 2656 412 2700 230,
438 2656 470 2690 4.
498 2655 732 2699 Privationis
760 2664 917 2690 causam
946 2654 988 2689 A.

271 2717 320 2752 ad
351 2716 548 2752 Aurelium
578 2716 692 2761 misit,
724 2719 777 2760 ut,
808 2716 911 2761 quod
941 2715 989 2751 de

272 2776 336 2811 illo
385 2777 597 2821 statuisset,
644 2777 716 2811 hoc
765 2777 910 2812 faceret
955 2776 988 2810 Il

899 105 1042 144 Index
1069 105 1114 144 V.

1071 225 1150 269 231,
1188 226 1243 261 17.
1279 225 1403 262 cidem
1439 226 1542 262 misit
1577 225 1695 268 libros
1732 227 1790 264 ‘de

1072 283 1255 319 trinitate‘
1286 284 1440 320 adiecta
1471 297 1529 331 ep.
1562 286 1641 321 174.
1672 285 1790 322 Aure-

1071 341 1144 377 lius
1183 346 1221 377 et
1260 341 1441 379 Silvanus
1481 343 1790 389 subscripserunt

1070 400 1209 436 litteris
1235 400 1303 436 128
1328 404 1367 437 et
1393 402 1472 447 129,
1497 412 1594 447 quas
1620 403 1791 438 universi

1070 458 1243 503 episcopi
1275 459 1458 495 catholici
1490 460 1538 496 de
1570 460 1790 496 conlatione

1071 527 1157 552 cum
1182 517 1399 553 Donatistis
1422 518 1599 554 habenda
1622 519 1672 554 ad
1695 519 1789 554 Mar-

1070 575 1248 610 cellinum
1279 575 1469 611 dederunt
1498 576 1552 611 III
1582 578 1639 622 30,
1668 578 1702 613 3.
1731 578 1790 622 34,

1072 634 1103 668 1.
1129 634 1161 668 7.
1187 633 1245 678 39,
1272 634 1327 669 18.
1353 634 1533 670 Aurelius
1560 635 1599 670 in
1625 635 1789 671 concilio

1070 691 1365 737 Carthaginensi
1399 693 1525 728 adfuit
1556 693 1611 728 III
1642 693 1724 739 652,
1754 694 1789 730 3.

1069 750 1149 795 701,
1177 750 1198 785 2
1226 755 1264 786 et
1291 754 1351 786 est
1379 751 1479 787 inter
1506 751 1592 788 illos
1620 752 1788 798 quinque

1070 808 1286 854 episcopos,
1310 809 1375 854 qui
1401 821 1459 855 ep.
1486 810 1553 846 177
1576 811 1625 846 ad
1650 821 1788 857 papam

1068 866 1336 903 Innocentium
1394 868 1592 914 miserunt,
1651 868 1789 914 quibus

1069 925 1132 961 ille
1167 926 1367 971 respondit
1401 937 1459 972 ep.
1497 927 1575 963 183.
1611 927 1789 972 pusillam

1069 994 1127 1029 ep.
1152 984 1219 1020 184
1243 984 1492 1020 Innocentius
1517 985 1566 1020 ad
1591 985 1788 1020 Aurelium

1069 1046 1109 1077 et
1146 1042 1192 1077 A.
1230 1042 1339 1078 dedit
1374 1043 1429 1078 III
1466 1043 1546 1088 731,
1585 1043 1617 1078 2.
1656 1042 1788 1082 Sixtus

1068 1100 1269 1146 presbyter
1317 1101 1585 1137 brevissimam
1633 1113 1692 1147 ep.
1741 1103 1789 1139 de

1066 1160 1363 1207 Pelagianorum
1388 1162 1569 1209 dogmate
1594 1163 1644 1198 ad
1669 1163 1789 1199 Aure-

1066 1221 1159 1257 lium
1200 1223 1314 1267 misit,
1356 1233 1472 1268 quam
1512 1223 1558 1259 A.
1600 1223 1789 1259 exultanti

1067 1282 1269 1319 alacritate
1311 1283 1516 1329 descripsit
1560 1288 1608 1330 et,
1650 1283 1788 1329 quibus

1068 1347 1233 1390 poterat,
1259 1344 1413 1390 legebat
1440 1345 1493 1380 IV
1521 1345 1599 1391 163,
1627 1345 1681 1380 15.
1709 1346 1788 1382 176.

1069 1405 1123 1440 16.
1186 1405 1437 1451 imperatores
1497 1406 1691 1442 Honorius
1751 1411 1788 1442 et

1068 1465 1310 1501 Theodosius
1333 1466 1482 1502 litteras
1506 1467 1572 1502 201
1597 1467 1646 1502 ad
1668 1467 1787 1502 Aure-

1068 1526 1159 1561 lium
1191 1527 1382 1563 dederunt
1412 1527 1465 1562 IV
1496 1528 1576 1573 296,
1607 1528 1639 1563 2.
1670 1527 1789 1564 Aure-

1068 1587 1140 1622 lius
1178 1587 1407 1634 subscripsit
1441 1588 1580 1624 litteris
1616 1589 1666 1624 ad
1702 1587 1788 1624 Gal-

1065 1647 1212 1684 licanos
1231 1649 1435 1694 episcopos
1455 1650 1494 1684 in
1513 1659 1631 1685 causa
1649 1649 1788 1694 chori

1069 1709 1171 1744 datis
1193 1710 1246 1744 IV
1269 1710 1348 1754 428,
1371 1711 1403 1745 7.
1428 1710 1471 1745 A.
1495 1710 1653 1745 Darium
1675 1710 1788 1746 libro-

1069 1780 1163 1814 rum,
1200 1780 1297 1815 quos
1332 1770 1368 1806 ei
1402 1771 1571 1815 miserat,
1606 1770 1789 1806 iudicium

1069 1829 1281 1875 flagitabat,
1304 1831 1408 1876 quod
1430 1842 1504 1876 quo
1527 1830 1599 1866 sibi
1620 1831 1787 1867 mittere-

1069 1894 1143 1935 tur,
1190 1891 1308 1936 apud'
1342 1891 1540 1927 Aurelium
1589 1902 1676 1927 eum
1726 1892 1788 1927 de-

1069 1962 1211 1996 ponere
1241 1961 1356 1997 posse
1386 1952 1439 1987 IV
1469 1952 1550 1996 510,
1582 1952 1637 1987 10.

1023 2020 1054 2055 A
1069 2032 1094 2056 u
1109 2021 1283 2056 relius
1316 2022 1521 2067 episeopus
1554 2021 1592 2056 in
1625 2021 1787 2057 concilio

1071 2081 1241 2117 Zertensi
1295 2085 1334 2117 et
1386 2081 1609 2118 Milevitano
1664 2080 1788 2117 adfuit

1070 2142 1124 2177 ΙΙΙ
1148 2143 1227 2187 235,
1250 2143 1282 2178 2.
1306 2143 1387 2187 663,
1411 2143 1444 2177 4.

1022 2217 1045 2241 a
1060 2217 1083 2241 u
1098 2217 1115 2241 r
1130 2213 1154 2241 u
1168 2217 1204 2241 m
1246 2217 1279 2242 v.
1319 2210 1598 2242 ornamentum.

1022 2283 1045 2308 a
1058 2283 1083 2307 u
1098 2282 1115 2307 s
1131 2276 1146 2307 t
1160 2283 1180 2308 e
1195 2283 1212 2307 r
1245 2272 1446 2308 caritatem
1479 2272 1683 2318 significat,
1715 2282 1791 2317 qua

1071 2333 1242 2378 peccatis
1307 2333 1476 2368 remissis
1544 2332 1675 2378 populi
1740 2332 1788 2367 ad

1071 2392 1264 2428 Christum
1296 2396 1531 2429 concurrunt
1560 2392 1615 2427 III
1645 2391 1724 2437 202,
1756 2391 1789 2426 8.

1024 2461 1335 2499 Auxentius
1385 2473 1409 2497 a
1457 2461 1661 2498 Pascentio
1712 2471 1790 2496 non

1070 2534 1191 2569 parva
1256 2522 1543 2568 praedicatione
1609 2522 1790 2558 laudatus

1072 2584 1124 2619 IV
1149 2584 1229 2629 535,
1255 2584 1288 2619 9.

1024 2653 1056 2689 Α
1071 2665 1095 2689 ιι
1110 2664 1134 2688 x
1150 2653 1186 2688 il
1202 2654 1251 2689 iu
1267 2664 1294 2698 s,
1323 2654 1527 2699 episcopus
1554 2652 1717 2696 iuvenis,
1741 2651 1791 2687 ob

1071 2714 1183 2750 unius
1218 2718 1419 2760 peecatum
1453 2716 1573 2749 totam
1608 2712 1789 2748 familiam

1072 2776 1401 2819 anathemaverat,
1462 2774 1570 2810 cuius
1632 2774 1685 2809 rei
1743 2774 1789 2808 A.
