2078 3054
302 1362 681 1398 Madaurensis
756 1372 791 1398 v.

303 189 390 231 254

975 202 1117 238 Index
1146 203 1190 238 V.

351 324 388 354 et
417 318 659 354 Theodorum
690 328 774 353 cum
805 317 970 362 epistula
1000 316 1067 351 106
1099 318 1365 362 magister
1396 328 1494 353 unus
1526 317 1700 354 Christus
1732 317 1864 354 docuit

349 377 396 411 ad
435 387 519 411 eum
557 376 670 419 misit,
706 387 753 410 ne
789 375 1066 409 subdiaconum

350 435 470 480 ipsius
506 434 771 469 Rusticianum
809 433 856 476 (II
890 432 970 476 632,
1006 430 1066 477 24)

351 491 616 537 rebaptizaret.
658 491 721 535 qui
762 494 964 535 postquam
1006 500 1065 534 ep.

353 552 416 585 107
437 550 471 585 ei
495 550 814 594 significaverunt
828 547 1064 583 Macrobium

350 608 399 652 id,
426 607 528 652 quod
552 607 600 642 ab
624 618 668 643 eo
694 605 935 651 poscebatur,
960 615 1066 640 recu-

350 676 445 710 sare,
478 665 637 700 alteram
671 665 719 699 ad
751 674 837 699 eum
869 663 974 699 dedit
1006 673 1065 708 ep.

351 724 427 766 108,
460 733 536 767 qua
567 723 613 758 de
645 721 899 757 recusationis
930 721 1066 766 iniqui-

350 784 441 825 tate,
469 781 516 816 de
546 779 788 825 baptismatis
818 779 982 814 iterandi
1011 778 1066 830 in-

349 838 457 883 iuria,
513 838 559 873 de
617 837 835 873 schismatis
891 836 1065 871 vanitate

349 895 471 931 fusius
502 895 725 931 disserebat.
756 894 971 930 Macrobius
1002 893 1067 928 sti-

349 957 462 998 patus
495 953 627 988 cuneis
661 952 894 998 perditorum
926 951 1065 986 utrius-

350 1022 424 1056 que
447 1021 562 1046 sexus
586 1011 657 1046 hac
679 1015 796 1055 atque
819 1010 904 1045 illac
929 1008 1066 1045 circuit

348 1070 576 1114 aperuitque
615 1069 687 1103 sibi
726 1068 918 1114 basilicas,
967 1077 1063 1112 quas

350 1137 614 1172 possessorum
646 1126 758 1161 timor
790 1126 982 1161 clauserat
1012 1123 1065 1159 111

351 1185 427 1229 150,
454 1185 508 1220 19.
535 1195 621 1220 eum
646 1184 729 1229 ipso
755 1187 839 1219 erat
861 1183 976 1219 etiam
1002 1182 1064 1218 ille

349 1242 535 1285 Donatus,
575 1242 761 1277 diaconus
805 1240 1064 1286 rebaptizatus

349 1300 401 1334 ΙΙΙ
430 1300 506 1342 151,
530 1300 564 1335 5.

866 1361 1064 1407 Apuleius.

346 1420 533 1455 Maximus
578 1420 864 1466 grammaticus.
911 1420 1065 1455 Madau-

1149 375 1306 420 Moysen
1337 386 1403 420 per
1435 375 1566 411 lothor
1598 380 1668 412 etc.
1701 376 1754 410 III
1783 377 1863 411 559.

1150 434 1203 467 10.
1249 433 1505 478 periculosum
1551 438 1610 469 est
1654 433 1701 469 de
1747 434 1858 478 magi-

1147 495 1311 526 strorum
1379 491 1627 526 ecclesiarum
1695 491 1863 527 iudicare

1148 549 1351 585 sententiis
1387 553 1425 584 et
1463 548 1626 585 alterum
1666 549 1860 593 praeferre

1148 606 1258 641 alteri
1286 607 1335 641 IV
1363 607 1441 651 242,
1468 607 1489 640 2
1515 607 1652 651 (Hes.).

1099 680 1288 727 Magog
1312 692 1346 716 v.
1374 680 1469 727 Gog.

1101 766 1135 790 m
1151 767 1174 791 a
1187 767 1211 801 g
1226 767 1249 790 u
1266 767 1282 791 s
1301 768 1308 790 :
1344 756 1391 792 de
1426 766 1624 802 magorum
1659 756 1864 800 miraculis,

1148 818 1274 848 utrum
1322 813 1437 849 etiam
1484 817 1656 849 mortuos
1705 814 1864 849 suscita-

1148 871 1287 916 verint,
1353 871 1407 906 illi
1459 871 1641 917 viderint,
1707 872 1773 918 qui
1824 875 1861 907 et

1147 930 1351 974 Apuleium
1385 940 1424 965 se
1457 934 1591 965 contra
1625 930 1859 975 magicarum

1147 988 1286 1022 artium
1361 987 1519 1023 crimina
1594 987 1864 1024 defendentem

1148 1049 1337 1082 conantur
1390 1055 1469 1080 non
1522 1045 1741 1081 accusando
1798 1044 1864 1081 sed

1147 1103 1340 1138 laudando
1368 1102 1598 1138 convincere
1624 1103 1678 1138 III
1704 1103 1783 1148 114,
1809 1103 1864 1137 14.

1147 1165 1332 1205 quantum
1379 1161 1528 1196 adtinet
1574 1160 1622 1196 ad
1669 1159 1864 1204 miracula,

1147 1218 1307 1253 multum
1358 1222 1498 1263 errant,
1550 1218 1614 1263 qui
1666 1218 1863 1263 prophetis

1144 1277 1289 1312 sanctis
1304 1287 1438 1323 magos
1453 1281 1691 1321 comparant,
1716 1281 1860 1322 quanto

1147 1335 1281 1380 magis,
1309 1335 1342 1371 si
1368 1345 1434 1370 eos
1461 1337 1685 1379 comparent
1711 1334 1862 1369 Christo

1148 1392 1199 1427 III
1226 1393 1304 1438 147,
1328 1393 1383 1428 18.

349 1478 514 1513 rensium
544 1478 667 1513 forum
695 1478 919 1513 salutarium
946 1477 1065 1513 numi-
1101 1466 1267 1502 MaiOI'
1305 1467 1593 1512 CaeliCOIaruma
1632 1466 1724 1502 ¹10Vi
1761 1465 1863 1512 aPUd

350 1548 437 1571 num
469 1536 687 1582 frequentia
716 1546 937 1580 possessum
968 1535 1062 1571 dicit

1148 1535 1215 1560 eos
1235 1525 1415 1570 baptismi
1436 1525 1633 1560 institutor
1653 1524 1687 1559 II
1709 1524 1787 1569 120,
1807 1524 1862 1559 27.

349 1594 535 1629 Maximus
566 1594 583 1629 I
614 1595 671 1639 37,
701 1595 733 1629 8.
765 1593 841 1629 duo
873 1593 925 1629 ibi
956 1596 1065 1628 erant
1100 1594 1401 1630 Maiorinus
1443 1604 1510 1640 per
1550 1593 1735 1629 Lucillam
1775 1603 1864 1629 con-

349 1651 479 1686 Martis
520 1651 724 1687 simulacra
764 1661 882 1686 unum
921 1650 1064 1687 nudum

349 1709 511 1744 alterum
534 1712 722 1745 armatum
743 1709 758 1743 I
779 1710 837 1754 40,
858 1709 889 1744 7.
910 1707 1083 1755 Madau-i

349 1777 480 1802 renses
517 1767 566 1802 ad
604 1767 649 1802 A.
688 1766 831 1811 scripta
869 1758 1083 1811 miserunt,}

349 1824 485 1869 quibus
517 1825 598 1860 eius
628 1824 811 1859 auxilium
841 1824 879 1859 in
908 1824 1064 1870 negotio

349 1882 477 1927 aliquo
505 1882 724 1927 petiverunt
747 1882 799 1917 IV
822 1882 902 1926 511,
927 1882 960 1917 5.
985 1882 1066 1926 516,

351 1940 404 1974 16.
435 1939 486 1975 ibi
514 1943 661 1985 patrem
689 1950 775 1975 eum
804 1939 998 1975 vocabant
1028 1942 1067 1974 et

349 1998 386 2032 in
441 1998 595 2033 domino
652 2001 848 2033 aeternam
903 1997 1066 2032 salutem

349 2054 547 2099 optabant,
582 2058 626 2090 ut
659 2055 697 2090 in
732 2055 804 2090 deo
839 2058 878 2091 et
913 2054 1065 2090 Christo

349 2113 430 2147 eius
461 2123 527 2157 per
558 2113 698 2148 multos
727 2123 849 2148 annos
880 2112 1067 2158 gauderet

351 2170 402 2204 lV
421 2170 501 2214 511,
520 2171 575 2206 19.
594 2170 674 2214 512,
697 2171 750 2205 11.
771 2171 815 2205 A.
836 2170 890 2206 eis
910 2180 1065 2215 respon-

348 2228 405 2262 (lit
441 2238 499 2273 ep.
535 2228 617 2263 232:
655 2228 868 2263 litterarum
905 2228 1065 2262 formam

348 2285 507 2321 miratus
540 2289 599 2320 est
631 2285 683 2320 IV
712 2285 792 2330 511,
823 2285 973 2329 5-512,
1006 2285 1065 2328 24;

349 2343 386 2377 in
408 2343 576 2388 negotio,
596 2346 781 2388 quantum
803 2344 1004 2388 potuisset,
1025 2342 1082 2390 se]

349 2401 520 2435 adfuisse
547 2404 586 2435 et
610 2401 806 2436 adiuvisse
831 2401 887 2435 ait
911 2401 961 2435 lV
985 2392 1082 2444 516‚2

351 2458 408 2500 163
448 2458 630 2502 inprimis¹
657 2462 785 2493 autem
825 2459 951 2493 faeere
989 2467 1066 2492 non

350 2515 486 2559 potuit,
543 2515 633 2559 quin
691 2515 961 2550 Madaurenses
1017 2514 1082 2563 ad

349 2583 482 2607 verum
519 2572 579 2607 dei
617 2573 760 2607 cultum
798 2573 1082 2608 adhortaretur?

351 2630 402 2664 lv
422 2630 502 2674 512,
524 2630 697 2674 25-516,
719 2631 771 2665 15.
792 2631 872 2674 516,
893 2631 1082 2676 21—517„

349 2688 382 2722 8.
418 2698 483 2723 eos
519 2688 656 2723 fratres
692 2698 782 2722 suos
816 2692 855 2723 et
888 2680 1082 2732 parentesi

350 2755 441 2780 suos
466 2749 582 2780 vocat
608 2745 659 2780 IV
683 2746 763 2790 516,
791 2746 845 2780 14.

304 2808 628 2843 Maeotidum
662 2808 798 2853 plagae
830 2809 845 2843 I
876 2809 932 2852 93,
963 2809 1018 2843 23.

305 2871 546 2917 magicus
577 2882 610 2906 v.
643 2871 838 2916 Apuleius.
870 2871 1007 2906 David.
1079 2870 1082 2918 j

1146 1656 1308 1698 gregata
1364 1652 1635 1697 episcoporum
1692 1651 1861 1687 factione

1146 1710 1405 1745 Caecilianum
1437 1709 1637 1745 damnavit
1667 1708 1863 1745 absentem

1148 1772 1187 1802 et
1212 1772 1347 1803 eontra
1372 1778 1458 1803 eum
1484 1767 1688 1812 episcopus
1713 1766 1864 1803 ordina-

1148 1829 1210 1860 tus
1238 1830 1297 1861 est
1321 1825 1355 1860 11
1383 1826 1461 1869 108,
1486 1826 1523 1868 7;
1549 1825 1595 1866 cf.
1622 1825 1678 1868 87,
1704 1825 1759 1859 14.
1786 1824 1852 1859 116

1148 1884 1179 1917 4.
1219 1893 1243 1917 a
1282 1882 1546 1918 transmarinis
1587 1882 1746 1917 unitatis
1787 1881 1847 1926 epi

1148 1940 1275 1986 scopis
1302 1940 1489 1976 adversus
1516 1940 1724 1975 factionem
1749 1939 1862 1974 Maiov

1147 1998 1220 2033 rini
1250 1998 1491 2035 Caecilianus
1523 2001 1709 2042 purgatus
1740 1999 1799 2032 est
1830 1996 1862 2030 ΙΙ

1149 2056 1227 2100 108,
1252 2056 1306 2091 11.
1330 2066 1430 2101 papa
1452 2055 1683 2090 Melchiades
1706 2058 1863 2100 paratus

1147 2117 1230 2148 erat
1292 2113 1664 2155 communicatorias,
1714 2112 1864 2147 litteras

1147 2171 1297 2206 mittere
1328 2171 1443 2206 etiam
1474 2171 1539 2214 eis,
1571 2180 1667 2215 quos
1697 2180 1721 2205 a
1749 2169 1863 2204 Maio-

1148 2229 1229 2264 rino
1260 2228 1459 2264 ordinatos
1489 2238 1575 2263 esse
1604 2230 1800 2263 constaret
1829 2225 1863 2261 ΙΙ

1147 2287 1204 2330 98,
1248 2286 1302 2321 10.
1344 2285 1553 2320 Anulinum
1594 2284 1861 2330 proconsulem

1149 2354 1235 2387 pars
1256 2343 1430 2378 Maiorini
1450 2342 1711 2387 interpellavit
1730 2342 1763 2376 II
1783 2342 1862 2385 407,

1149 2402 1202 2436 18.
1239 2401 1388 2436 libellus
1425 2400 1611 2436 ecclesiae
1649 2399 1862 2434 catholicae

1147 2459 1345 2493 criminum
1387 2457 1595 2493 Caeciliani
1635 2457 1800 2493 traditus
1841 2467 1864 2491 a

1149 2519 1257 2560 parte
1278 2515 1452 2551 Maiorini
1474 2515 1507 2549 ΙΙ
1529 2515 1609 2560 408,
1630 2515 1685 2550 18.
1705 2514 1785 2558 457,
1805 2513 1861 2548 21.

1147 2584 1234 2618 pars
1262 2573 1403 2608 Donati
1430 2573 1549 2617 primo
1575 2571 1679 2617 apud
1706 2571 1862 2607 Cartha-

1147 2631 1273 2676 ginem
1298 2641 1385 2675 pars
1410 2630 1583 2665 Maiorini
1606 2629 1805 2676 dicebatur
1829 2628 1861 2663 ΙΙ

1147 2689 1226 2733 407,
1257 2688 1310 2723 12.
1341 2687 1447 2732 plebs
1477 2687 1595 2732 partis
1626 2687 1800 2723 Maiorini
1829 2685 1862 2720 ΙΙ

1147 2746 1203 2790 96,
1231 2747 1285 2781 17.
1311 2746 1367 2790 97,
1392 2746 1425 2782 5.

1100 2813 1400 2849 Maiorinus
1437 2824 1574 2849 nornen
1608 2816 1667 2848 est
1700 2813 1861 2848 duorum

1148 2872 1426 2916 episcoporum,
1483 2870 1546 2915 qui
1603 2871 1642 2906 in
1698 2870 1861 2906 concilio
