2078 3054
308 158 387 200 160

301 286 558 323 Christus
614 287 806 322 hominem
863 287 1064 331 coaptavit

347 356 487 381 nomen
522 346 774 381 humanitatis
812 346 860 381 ab
896 356 940 382 eo
978 345 1063 381 dili-

347 408 483 447 genter
519 404 738 448 adsumens,
774 403 993 439 divinitatis
1028 403 1063 438 ei

348 461 507 507 largiter
567 462 739 497 tribuens
802 461 857 495 III
906 461 983 508 107,
1031 462 1062 496 6.

348 519 443 555 deus
470 520 507 554 in
533 519 685 555 homine
712 520 869 567 proprio
896 520 1061 565 quodam

349 582 385 612 et
413 577 600 622 singulari
625 577 738 612 modo
764 582 836 621 est,
860 588 937 612 una
961 578 1062 613 enim

350 644 516 678 persona
557 640 615 671 est
656 636 752 671 deus
792 640 830 671 et
871 636 982 671 homo
1025 639 1063 671 et

347 697 551 738 utrumque
612 698 670 728 est
729 704 828 728 unus
887 693 1063 729 Christus

348 750 455 787 Iesus
489 751 541 786 IV
575 752 631 796 89,
664 752 719 787 20.
753 751 929 787 Christus
962 752 1062 788 idem

347 809 460 845 homo
492 814 561 855 est,
593 810 659 856 qui
686 809 793 854 deus,
824 814 868 845 ut
896 820 1063 855 persona

348 878 426 902 una.
472 868 533 912 sit,
580 879 627 903 ne
673 878 750 903 non
793 868 948 903 trinitas
995 868 1063 904 sed

348 926 590 971 quaternitas
616 926 821 961 inducatur
847 926 901 960 III
929 927 1005 971 164,
1031 927 1062 961 9.

348 984 387 1018 in
416 984 565 1020 unita-te
597 994 785 1028 personae
817 984 912 1020 deus
934 984 1061 1034 *utitur

348 1042 513 1086 homine,
539 1047 582 1077 ut
607 1042 782 1077 Christus
808 1043 871 1086 sit,
896 1052 1061 1086 persona

348 1110 440 1146 ergo
472 1100 615 1136 Christi
645 1100 816 1136 mixtura.
845 1104 904 1136 est
933 1100 1009 1136 deiz
1025 1104 1061 1136 et

349 1158 514 1194 hominis
554 1158 608 1193 111
651 1158 726 1203 110,
766 1158 798 1194 2.
837 1159 872 1203 93
923 1149 972 1201 ct.
1008 1158 1063 1193 111

349 1216 427 1261 160,
451 1217 485 1251 5.
511 1217 563 1251 IV
591 1217 667 1261 141,
694 1217 749 1252 16.
776 1227 861 1251 cum
887 1217 937 1252 sit
961 1216 1064 1252 Chri-

348 1278 430 1310 stus
460 1275 554 1310 deus
586 1278 624 1310 et
654 1275 779 1319 homo,
810 1275 886 1310 alia
914 1274 949 1310 ei
978 1285 1066 1310 con-

348 1332 511 1368 veniunt
562 1333 772 1368 secundum
823 1333 938 1368 deum
988 1332 1064 1367 alia

349 1391 560 1426 secundum
598 1391 807 1435 hominem,
848 1401 972 1437 neque
1010 1394 1065 1426 ta-

349 1459 436 1484 men
459 1449 555 1485 deus
578 1449 626 1485 ab
647 1449 800 1485 homine
823 1450 1064 1494 separandus

349 1506 402 1541 IV
451 1507 505 1551 87,
558 1507 705 1552 15-89,
754 1507 787 1542 5.
847 1507 970 1542 multa
1017 1507 1064 1542 de

349 1564 502 1600 Christo
540 1565 579 1600 in
614 1565 817 1609 scripturis
854 1565 1064 1601 secundum

348 1622 510 1658 formam
542 1623 605 1659 dei
636 1623 829 1668 dicuntur,
858 1623 981 1659 multa
1009 1634 1065 1659 se-

349 1681 515 1716 cundum
555 1681 717 1717 formam
757 1682 860 1717 servi
897 1681 950 1717 IV
985 1682 1065 1726 540,

350 1739 404 1775 14.
434 1740 472 1774 in
505 1739 657 1775 Christo
690 1739 802 1775 homo
834 1739 1064 1785 adsumptus

349 1801 408 1833 est
440 1808 462 1833 a
495 1798 580 1842 deo,
613 1808 690 1833 non
722 1798 762 1833 in
793 1794 946 1834 homine
977 1808 1064 1833 con-

350 1860 526 1900 sumptus
566 1860 624 1891 est
651 1856 757 1891 -deus
795 1855 850 1890 III
886 1856 966 1901 629,
1006 1856 1063 1899 18,

350 1914 396 1955 ct.
428 1913 504 1959 107,
537 1914 589 1949 14.
622 1914 701 1959 230,
732 1914 785 1949 15.
816 1924 893 1949 non
922 1914 978 1949 ita
1006 1917 1064 1949 est

349 1971 444 2007 deus
493 1972 676 2007 confusus
725 1972 842 2017 carni,
892 1983 969 2017 qua
1017 1982 1063 2007 ex

349 2029 501 2074 virgine
553 2034 788 2075 nasceretur,
840 2034 883 2065 ut
933 2040 1063 2064 curam

348 2088 624 2132 gubernandae
680 2087 948 2123 universitatis
1003 2088 1066 2123 vel

349 2145 566 2181 deseruerit
596 2146 659 2181 vel
691 2146 866 2182 amiserit
898 2145 953 2180 III
989 2146 1064 2190 100,

352 2204 409 2247 14,
446 2204 493 2245 cs.
535 2204 612 2248 104,
652 2204 704 2239 16.
753 2204 928 2239 Christus
966 2204 1065 2239 inter

349 2261 462 2297 deum
504 2266 542 2297 et
583 2262 757 2298 homines
797 2262 987 2297 mediator
1027 2262 1064 2296 in

350 2319 499 2355 unitate
587 2330 778 2364 personae
867 2320 1065 2364 copulavit

350 2381 552 2423 utramque
589 2383 767 2413 naturam
804 2377 860 2412 III
897 2378 973 2423 108,
1011 2378 1065 2412 14.

351 2435 414 2471 dei
438 2435 537 2471 filius
561 2436 664 2480 patri
687 2439 917 2471 coaeternus
939 2446 1066 2471 susce-

350 2493 409 2537 pit
439 2493 631 2529 hominem
663 2504 780 2539 seque
811 2497 849 2529 et
878 2493 942 2529 illo
973 2493 1065 2529 fecit

351 2562 468 2586 unum
510 2551 636 2587 Iesum
676 2551 882 2596 Christum,
923 2552 1066 2587 media-

350 2613 472 2645 torem
495 2609 557 2645 dei
578 2614 618 2645 et
638 2609 845 2654 hominum,
866 2609 1065 2655 aequalem

350 2668 453 2710 patri
526 2667 736 2703 secundum
808 2667 1065 2712 divinitatem,

351 2726 535 2761 minorem
564 2730 692 2761 autem
719 2730 829 2770 patre
855 2725 1086 2763 secundum!

351 2793 518 2828 carnem,
541 2783 611 2818 hoc
633 2788 689 2819 est
715 2783 924 2819 secundum
949 2764 1086 2836 homi-i

353 2851 435 2875 nem
469 2841 520 2875 ΠΙ
555 2842 631 2885 111,
662 2841 791 2884 8-17;
824 2841 870 2883 cf.
903 2842 981 2886 191,
1014 2841 1067 2875 12.

978 174 1119 209 Index
1148 174 1191 209 V.

1147 298 1225 322 una
1245 298 1412 332 persona
1432 293 1490 325 est
1511 290 1607 326 deus
1628 295 1667 327 et
1687 291 1800 328 homo
1823 296 1862 328 et

1148 350 1352 391 utrumque
1411 352 1470 383 est
1528 359 1627 385 unus
1687 349 1862 385 Christus

1148 403 1256 439 Iesus
1286 404 1426 450 ubique
1458 416 1525 450 per
1554 407 1604 452 id,
1634 409 1736 453 quod
1767 408 1862 444 deus

1150 465 1219 505 est,
1245 462 1283 496 in
1309 463 1415 497 caelo
1441 467 1570 499 autem
1596 475 1664 509 per
1688 465 1736 509 ie,
1764 467 1865 510 ‘hod

1148 519 1261 555 homo
1299 520 1351 555 IV
1388 521 1442 565 89,
1480 522 1534 557 21.
1571 522 1747 559 Christus
1781 524 1863 559 uni-

1148 578 1302 622 genitus
1335 578 1397 614 dei
1429 578 1529 614 filius
1562 581 1734 625 aequalis
1767 582 1866 626 patri

1149 635 1326 681 idemque
1389 636 1554 673 hominis
1614 638 1726 685 filius,
1788 650 1863 685 quo

1148 693 1271 728 maior
1297 698 1356 729 est
1382 699 1504 740 pater,
1530 700 1568 732 et
1591 697 1732 742 ubique
1758 701 1863 733 totus

1148 760 1334 795 praesens
1370 757 1429 788 est
1464 757 1662 800 tamquam
1696 755 1790 791 deus
1826 760 1864 791 et

1149 809 1189 845 in
1238 809 1324 846 loco
1375 810 1504 856 aliquo
1556 811 1654 847 caeli
1704 817 1863 858 propter

1148 868 1231 903 veri
1254 868 1428 912 corporis
1449 869 1606 905 modum
1629 870 1682 905 IV
1705 871 1782 916 118,
1805 871 1862 916 14,

1149 926 1360 962 secundum
1393 926 1558 962 hominis
1591 928 1752 964 formam
1787 939 1864 964 non

1148 988 1207 1019 est
1259 985 1455 1028 putandus
1508 985 1648 1031 ubique
1700 986 1863 1022 diffusus

1149 1041 1202 1076 IV
1223 1042 1280 1086 89,
1304 1043 1358 1077 13.
1382 1042 1556 1079 Christus
1577 1054 1663 1079 cum
1685 1044 1723 1078 in
1744 1044 1866 1080 forma

1149 1099 1211 1135 dei
1235 1100 1408 1145 aequalis
1433 1101 1483 1136 sit
1507 1102 1622 1147 patri,
1644 1106 1774 1138 tamen
1796 1113 1864 1148 per

1149 1157 1311 1194 formam
1345 1159 1447 1194 servi
1481 1169 1557 1194 non
1592 1170 1700 1196 suam
1729 1161 1865 1196 volun-

1148 1220 1268 1251 tatem
1303 1217 1371 1252 sed
1405 1218 1529 1262 patris
1565 1229 1604 1254 se
1640 1219 1766 1255 facere
1798 1219 1858 1255 de-

1148 1274 1237 1310 bere
1284 1275 1457 1311 ostendit
1503 1275 1559 1310 III
1604 1276 1682 1321 216,
1731 1278 1763 1312 2.
1809 1278 1863 1312 sic

1148 1332 1399 1376 accipiendus
1434 1338 1494 1369 est
1528 1334 1641 1369 homo
1677 1334 1864 1379 Christus,

1149 1394 1191 1426 ut
1225 1390 1320 1426 deus
1353 1401 1431 1426 non
1463 1392 1643 1428 credatur
1673 1393 1748 1428 nisi
1781 1404 1864 1438 per-

1150 1448 1275 1485 fectus
1328 1450 1444 1485 etiam
1498 1450 1626 1495 homo,
1678 1461 1755 1486 non
1807 1456 1862 1487 est

1149 1511 1278 1542 autem
1321 1507 1435 1543 homo
1478 1508 1686 1554 perfectus,
1729 1509 1760 1545 si
1803 1509 1865 1544 vel

1149 1565 1280 1600 anima
1326 1566 1433 1601 carni
1480 1566 1543 1602 vel
1591 1567 1742 1603 animae
1790 1567 1864 1611 ipsi

1150 1633 1258 1658 mens
1300 1623 1467 1659 humana
1509 1624 1675 1660 defuerit
1718 1625 1770 1660 IV
1810 1626 1865 1669 84,

1149 1681 1252 1717 3—9.
1284 1682 1332 1717 de
1364 1682 1507 1718 Christi
1540 1683 1672 1718 anima
1701 1683 1756 1718 III
1786 1683 1865 1727 538,

1149 1739 1299 1784 6—539,
1339 1740 1392 1776 19.
1429 1740 1544 1776 valde
1582 1741 1865 1777 rationabiliter

1150 1801 1188 1833 et
1220 1801 1331 1842 patre
1364 1798 1488 1833 minor
1521 1803 1580 1834 est
1613 1799 1725 1834 homo
1759 1799 1866 1834 Chri-

1150 1860 1233 1891 stus
1266 1859 1304 1891 et
1335 1858 1437 1900 patri
1467 1857 1640 1902 aequalis
1673 1861 1734 1892 est
1763 1857 1863 1892 idem

1150 1913 1233 1957 ipse
1271 1914 1367 1949 deus
1403 1913 1578 1950 Christus
1616 1914 1672 1949 III
1711 1915 1789 1960 630,
1827 1915 1863 1957 2,

1151 1971 1198 2012 cf.
1224 1971 1302 2016 629,
1329 1972 1361 2007 8.
1387 1972 1479 2018 quid
1505 1976 1564 2008 est
1589 1972 1764 2008 Christus
1790 1972 1864 2007 nisi

1150 2029 1213 2065 dei
1242 2029 1457 2074 sapientia?
1485 2029 1613 2074 11569,
1629 2031 1660 2065 7.
1689 2030 1864 2066 Christus

1150 2091 1209 2122 est
1252 2087 1331 2132 lux,
1374 2098 1472 2133 quae
1516 2088 1619 2123 lucet
1664 2088 1779 2124 etiam
1826 2088 1864 2123 in

1150 2145 1331 2190 tenebris,
1362 2146 1539 2191 quamvis
1568 2157 1652 2182 eam
1682 2147 1864 2182 tenebrae

1150 2213 1229 2238 non
1265 2203 1607 2249 comprehendant,
1645 2209 1703 2240 est
1740 2204 1864 2239 virtus

1151 2265 1189 2296 et
1228 2261 1421 2306 sapientia
1458 2262 1521 2297 dei
1560 2262 1612 2296 IV
1650 2262 1705 2307 87,
1743 2263 1778 2306 7,
1817 2262 1863 2302 cf.

1151 2318 1205 2353 III
1246 2319 1324 2363 111,
1364 2319 1397 2354 9.
1439 2319 1474 2354 II
1513 2320 1593 2364 554,
1634 2320 1667 2355 8.
1708 2319 1866 2355 verbum

1151 2376 1214 2412 dei
1266 2376 1442 2422 idemque
1496 2377 1558 2412 dei
1609 2377 1709 2413 tilius
1762 2377 1863 2422 patri

1150 2439 1379 2470 coaeternus
1415 2435 1626 2480 eademque
1663 2436 1788 2471 virtus
1827 2438 1866 2470 et

1151 2492 1346 2536 sapientia
1381 2493 1444 2529 dei
1481 2493 1595 2539 longe
1635 2493 1712 2528 alio
1750 2493 1864 2528 modo

1150 2550 1318 2596 quodam
1347 2562 1461 2596 quam
1489 2561 1547 2597 eo,
1573 2562 1648 2596 quo
1677 2551 1865 2586 creaturis

1152 2609 1294 2644 ceteris
1346 2609 1467 2654 adest,
1523 2609 1694 2653 suscepit
1747 2609 1865 2644 homi-

1151 2677 1238 2702 nem
1279 2677 1395 2712 seque
1434 2671 1472 2703 et
1513 2666 1576 2702 illo
1614 2666 1707 2703 fecit
1747 2678 1863 2702 unum

1151 2724 1275 2760 Iesum
1311 2724 1505 2761 Christum
1539 2724 1593 2759 III
1627 2725 1705 2770 111,
1738 2725 1863 2760 8—15.

1151 2782 1189 2818 in
1216 2782 1369 2818 Christo
1395 2784 1553 2819 verbum
1582 2787 1620 2818 et
1647 2783 1760 2818 homo
1788 2793 1864 2817 una

1151 2849 1317 2883 persona
1349 2845 1407 2876 est
1440 2840 1494 2875 ΙΙΙ
1526 2841 1604 2886 617,
1642 2841 1697 2885 17,
1731 2841 1777 2883 cs.
1812 2840 1864 2875 IV
