2078 3054
331 135 398 168 ΧΗ
972 133 1212 168 I’racl'atio.

334 252 393 293 10.
427 253 513 306 41)
556 253 596 294 111
640 256 851 307 postrema
893 251 985 292 libri
1028 256 1145 305 parte
1186 252 1239 293 ab
1283 251 1463 306 epistula
1509 252 1586 293 139
1629 252 1730 295 ordo
1771 253 1847 294 ali-

326 321 528 369 quantum
562 322 623 357 est
655 316 856 357 turbatus.

383 379 528 421 Codex
572 378 829 420 Parisinus
875 378 1035 419 14480
1076 379 1307 421 saeeXII.
1351 378 1470 421 deest
1513 393 1575 433 ep.
1610 379 1712 430 2393
1756 385 1849 434 post

326 443 548 496 epistulam
576 442 654 482 189
687 442 838 497 viginti
872 446 1066 495 quattuor
1095 443 1205 484 aliae
1227 447 1513 485 accesserunt:
1547 442 1645 484 217.
1679 441 1746 484 22.
1781 443 1848 484 60.

325 506 421 546 227.
459 505 527 545 48.
572 505 664 547 192.
705 505 800 547 249.
840 505 936 546 203.
970 505 1067 547 220.
1102 506 1199 546 244.
1237 506 1330 548 171.
1367 505 1458 547 170.
1498 506 1587 547 197.
1625 505 1716 547 198.
1752 506 1847 548 236.

326 568 391 609 86.
428 569 524 609 212.
559 568 654 609 210.
692 568 786 610 160.
824 570 915 609 161.
953 569 1045 611 163.
1082 569 1175 610 159.
1215 569 1306 611 162.
1341 569 1438 611 213.

383 631 527 674 Codex
560 632 824 674 Parisinus
859 632 984 672 1928
1018 646 1126 674 saec.
1155 633 1252 674 XII.
1293 632 1444 674 desunt
1481 632 1700 687 epistulae,
1742 647 1849 687 quac

323 695 503 737 omissae
535 700 631 737 sunt
662 696 703 737 in
728 695 873 737 codice
894 696 998 738 Mus.
1023 697 1122 737 Brit.
1147 697 1248 750 Reg.
1273 696 1299 736 5
1323 696 1420 738 Dvr
1441 700 1609 750 praeter
1627 697 1848 751 epistulam

325 759 407 799 215
441 763 481 800 et
513 759 694 813 epistula
728 759 821 812 165,
855 763 1074 814 praeterea
1095 758 1206 801 foliis
1227 759 1397 801 amissis
1419 760 1623 814 epistulae
1651 760 1727 801 147
1751 774 1849 816 pars

324 822 526 877 posterior
566 848 617 851 —
657 836 721 878 ep.
751 822 805 863 96
845 827 885 864 et
924 823 1103 877 epistula
1136 823 1188 863 78
1229 827 1419 865 extrema
1451 849 1504 853 —
1537 836 1602 878 ep,
1627 823 1722 866 260.
1757 829 1850 879 post

326 886 547 940 epistulam
586 885 664 926 189
697 885 928 941 deperditis
959 886 1117 939 aliquot
1148 886 1261 929 foliis
1292 891 1522 940 sequuntur
1558 887 1763 942 epistulae
1800 889 1850 929 15

327 950 501 1004 (amissa
532 950 667 1004 priore
700 949 850 1004 parte).
884 950 923 990 5.
958 950 995 991 6.
1032 950 1067 991 7.
1103 950 1140 992 9.
1178 950 1241 991 14.
1279 950 1344 992 10.
1376 951 1466 1004 41)

382 1013 525 1056 Codex
555 1014 824 1055 Trecensis
858 1013 950 1053 196
979 1027 1088 1055 saec.
1119 1014 1216 1055 XII.
1240 1014 1404 1056 litterae
1434 1014 1542 1056 inter
1568 1014 1849 1069 Augustinum

325 1082 365 1119 et
407 1078 711 1132 Hieronymum
753 1077 907 1118 missae
950 1082 991 1118 et
1030 1082 1249 1133 acceptae:
1294 1077 1479 1119 28-74.
1524 1078 1706 1120 72-81.
1754 1080 1848 1121 166.

329 1142 408 1182 172
446 1155 582 1195 neque
620 1141 877 1196 perscriptae
914 1145 1011 1182 sunt
1041 1154 1179 1195 neque
1211 1142 1391 1183 omissae
1425 1141 1499 1183 sed
1531 1142 1678 1196 paucis
1708 1143 1850 1185 verbis

322 1205 532 1246 indicatae
565 1205 806 1260 legentibus
838 1204 892 1246 ad
915 1204 1164 1259 Hieronymi
1196 1218 1325 1260 opera
1356 1204 1575 1260 delegatis.
1601 1206 1756 1249 omissa
1788 1212 1850 1248 est

325 1282 387 1323 ep.
416 1269 507 1310 165.
527 1271 558 1322 ²)

381 1332 544 1374 Priores
582 1332 674 1373 libri
713 1336 906 1385 quattuor
944 1332 1257 1387 propinquitate
1299 1332 1357 1373 ita
1395 1338 1491 1374 sunt
1536 1334 1762 1386 coniuncti,
1805 1339 1848 1375 ut

322 1396 471 1438 artiore
504 1396 669 1438 vinculo
701 1395 955 1438 cohaereant
988 1395 1325 1450 Salisburgensis
1357 1396 1396 1437 X
1431 1396 1484 1437 29
1517 1400 1558 1438 et
1590 1396 1848 1439 Audomaro-

323 1460 531 1515 politanus
574 1460 626 1499 76
668 1459 721 1501 ad
764 1473 866 1512 quos
907 1459 1173 1502 Monacensis
1216 1459 1329 1500 62136
1372 1460 1563 1514 proxime
1604 1461 1767 1502 accedit
1810 1467 1847 1502 ct

322 1524 571 1578 permultum
596 1523 720 1575 valet,
754 1524 788 1565 si
821 1524 926 1576 quis,
959 1536 1052 1564 cum
1085 1523 1143 1564 illi
1176 1523 1286 1564 inter
1317 1537 1360 1566 se
1392 1530 1465 1565 aut
1496 1538 1590 1565 eum
1622 1524 1716 1567 aliis
1739 1524 1849 1567 codi-

324 1587 441 1629 cibus
473 1586 725 1639 discordant,
759 1586 865 1629 scire
895 1586 1007 1639 velit,
1040 1586 1141 1640 quid
1170 1587 1370 1642 scripturn
1393 1587 1580 1629 fueritin
1604 1588 1847 1643 archetypo.

323 1651 510 1704 longiore
547 1656 687 1693 autem
726 1650 946 1692 intervallo
982 1650 1109 1692 distat
1142 1650 1358 1693 Parisinus
1395 1665 1490 1693 nov.
1520 1665 1611 1704 aeq.
1644 1652 1767 1704 1444,
1806 1651 1848 1692 id

324 1714 432 1767 quod
467 1715 589 1756 facile
621 1715 871 1769 perspicitur
903 1728 955 1756 ex
978 1714 1190 1756 nonnullis
1212 1714 1387 1766 lacunis,
1421 1728 1527 1767 quae
1550 1715 1591 1756 in
1615 1715 1697 1757 illis
1718 1716 1847 1757 offen-

323 1778 490 1831 duntur,
524 1792 617 1819 eum
651 1778 718 1819 hie
751 1779 881 1819 verba
913 1778 1077 1832 integra
1108 1778 1322 1832 praebeat.
1340 1778 1374 1832 ³)

383 1843 430 1883 In
464 1841 619 1883 codicis
648 1842 965 1884 Monacensis
998 1841 1127 1882 6266
1150 1841 1356 1896 principio
1378 1842 1576 1897 seriptum
1600 1848 1681 1884 est:
1714 1843 1849 1884 Abra-

326 1905 446 1946 leamo
479 1904 552 1956 5170
576 1907 788 1958 firmenta
818 1906 944 1947 omem·
966 1904 1212 1958 cappellano
1238 1907 1372 1958 ipsius
1392 1906 1645 1960 {solescczlclto
1666 1908 1848 1948 obeunte.

327 1969 603 2023 meginhalm
635 1974 673 2011 et
703 1968 947 2011 willilmlmo
978 1970 1247 2023 frisinyensc's
1271 1969 1348 2011 locl
1373 1970 1620 2023 bbendccrz'ls
1642 1974 1679 2011 et
1699 1972 1848 2012 werin-

323 2047 421 2074 zone
453 2033 647 2075 conducto
669 2033 954 2075 scribentibus.
988 2033 1194 2086 egyreyium
1219 2046 1321 2085 opus
1343 2033 1465 2076 leuius
1488 2033 1709 2075 ‘colummis
1733 2035 1852 2076 melis

327 2106 613 2155 comparatum
651 2106 722 2145 est.
761 2103 932 2144 serv-icio
968 2101 1034 2145 ὲῖὲ
1070 2102 1204 2155 marie
1227 2089 1340 2156 Ῑςῖἷᾳῑ
1379 2103 1613 2145 corbiniani
1642 2105 1847 2156 perpetim

326 2180 584 2216 mansurum,
627 2165 681 2207 ad
721 2165 830 2219 quod
869 2166 1036 2207 sacculo
1068 2166 1147 2207 XV
1184 2165 1398 2220 adpictum
1437 2172 1518 2208 est:
1565 2168 1686 2209 Circa
1721 2181 1851 2208 annos

327 2224 400 2277 (Wz'
434 2240 528 2278 993.
567 2236 642 2277 loci
683 2236 863 2290 corrupti
902 2249 1028 2290 saepe
1066 2235 1198 2290 ipsius
1235 2235 1394 2276 librarii
1426 2250 1554 2277 manu
1587 2236 1627 2277 in
1661 2237 1850 2290 margine

328 2310 424 2347 sunt
455 2306 586 2347 notati
620 2295 704 2361 (l—t).
745 2306 786 2347 in
827 2305 1074 2360 corrigendo
1111 2305 1217 2346 libro
1250 2318 1419 2359 operam
1453 2319 1679 2359 curamque
1710 2306 1850 2360 plures

328 2369 404 2410 viri
437 2368 548 2411 docti
588 2369 908 2423 consumebant:
948 2382 1056 2422 quae
1087 2373 1294 2423 poterant,
1333 2369 1636 2423 emendabant3
1675 2369 1744 2410 ubi
1777 2368 1848 2409 de-

327 2433 566 2487 sperabant,
590 2438 731 2474 uotam
755 2433 797 2474 in
820 2433 1009 2487 margine
1026 2432 1310 2487 adponebant.
1335 2446 1438 2485 quos
1459 2446 1604 2474 omnes
1625 2446 1707 2474 uno
1729 2432 1850 2487 signo

389 2549 412 2589 ¹)
440 2547 494 2582 Cf.
514 2548 592 2582 cod.
613 2548 778 2582 Laudun.
807 2550 869 2584 134
898 2559 930 2592 p.
950 2548 1130 2583 ΧΧΧΙΙΙ.

385 2600 414 2643 ²)
441 2600 494 2633 Ex
521 2600 601 2633 aliis
628 2600 735 2634 liuius
761 2600 906 2644 generis
932 2600 1034 2634 libris
1059 2611 1141 2634 mss.
1169 2601 1315 2635 nomino
1341 2600 1755 2644 Audomaropolitanum
1787 2600 1844 2634 181

328 2663 423 2686 succ
444 2652 527 2687 XII.
557 2652 873 2696 salisburoeonseni
897 2652 925 2685 Χ
946 2654 989 2687 98
1016 2662 1110 2687 saec
1133 2653 1215 2696 ΧΙΙ
1242 2652 1514 2687 Berolincnscm
1542 2663 1616 2696 reg.
1636 2651 1723 2685 bibl.
1744 2650 1849 2684 I'liill.

331 2707 393 2739 167
399 2708 418 2739 ,1
445 2715 538 2738 saec.
559 2704 643 2738 XII.
670 2708 744 2738 tres
770 2703 956 2738 Parisinos
983 2706 1047 2739 19·
1039 2707 1082 2739 (›
1113 2707 1209 2740 1931
1239 2707 1302 2739 19·
1307 2707 1326 2740 2
1353 2715 1446 2738 saec,
1468 2704 1572 2738 XIII.

386 2756 495 2800 ³¹¹.)(I
522 2766 576 2799 ep
601 2757 898 2799 4111112,17·
934 2758 1007 2792 118
1044 2758 1099 2796 13.
1134 2758 1209 2792 120.
1241 2759 1279 2797 43
1312 2767 1366 2799 (1.)
1387 2758 1586 2800 5211.150
1613 2757 1673 2792 20:
1710 2756 1849 2799 (111145

328 2822 358 2854 11.
380 2810 545 2850 ζ)1(120;
574 2819 628 2852 (p
651 2810 713 2843 147
742 2818 773 2851 p.
794 2810 872 2849 280,
903 2809 959 2846 16;
986 2819 1041 2852 (11
1063 2792 1126 2844 187
1154 2819 1186 2852 p.
1209 2810 1282 2850 108.
1312 2812 1364 2844 11.
