2078 3054
257 557 657 592 Masculitanus
732 566 766 589 2³.

258 700 455 724 1113.ὃὸἃὲ

919 134 1062 171 Index
1090 134 1134 170 V.

302 254 427 289 fantes
466 253 562 296 illos,
601 252 677 297 qui,
715 261 800 286 cum
839 250 1014 285 Christus
1047 260 1081 284 m
1097 260 1120 284 a
1133 253 1150 284 t
1163 250 1186 284 h
1200 260 1220 284 e
1235 259 1270 284 m
1285 259 1308 284 a
1322 252 1337 283 t
1351 249 1361 284 i
1376 259 1396 284 c
1411 259 1433 284 0
1447 259 1465 283 r
1479 259 1503 283 ιι
1518 259 1553 283 m

302 311 496 346 necandus
537 309 585 345 ab
625 308 777 344 Herode
815 317 1013 352 quaerere-

302 373 374 412 tur,
424 368 541 404 occisi
593 370 691 410 sunt,
745 366 781 401 in
832 367 1012 401 honorem

1719 118 1802 163 259

1643 248 1805 284 tabellae

1095 307 1295 351 eburneae,
1322 306 1439 351 lapilli
1466 306 1516 341 IV
1541 306 1622 351 584,
1649 307 1701 341 17.
1727 306 1807 349 585,

1097 365 1151 400 10.

301 429 509 470 martyrum
554 428 729 469 receptos
773 422 1014 458 commendat
1049 439 1082 473 M
1097 450 1121 474 a
1135 450 1158 474 u
1173 450 1190 474 r
1203 450 1222 474 e
1238 449 1262 473 n
1277 442 1293 474 t
1306 439 1317 474 i
1332 449 1356 473 u
1371 449 1388 474 Β
1419 438 1622 483 episcopus
1653 438 1690 473 jn
1721 448 1807 473 eon,

303 483 467 518 ecclesia
492 482 545 516 III
570 483 649 525 573,
677 481 708 516 2.

303 614 587 649 Masculitanus.

516 699 613 733 quae
672 692 730 722 est
789 698 833 722 ex
894 686 1014 720 Adam

304 757 441 791 massa,
469 750 551 781 tota
579 746 710 780 mortis
737 748 796 780 est
823 744 873 779 IV
900 744 956 787 61,
984 744 1014 778 1.

303 805 351 839 de
377 813 504 839 massa
530 803 629 838 illius
656 801 892 847 perditionis,
917 810 1015 846 quae

306 862 409 896 facta
430 864 489 896 est
511 871 556 896 ex
579 860 713 903 Adam,
735 869 812 894 non
834 858 1016 894 discernit

304 918 506 962 hominem,
537 922 580 952 ut
611 928 696 952 eum
727 916 846 951 faciat
875 926 946 951 vas
979 916 1015 949 in

305 977 486 1011 honorem
529 985 608 1009 non
653 974 691 1009 in
736 973 1016 1016 contumeliam,

304 1033 377 1068 nisi
405 1033 498 1068 deus
529 1033 579 1066 IV
606 1032 686 1075 382,
716 1032 770 1066 16.
798 1031 932 1066 merito
962 1030 1016 1065 vi-

304 1090 458 1133 deretur
514 1089 708 1132 iniustum,
765 1089 867 1133 quod
922 1088 1018 1123 fiunt

306 1158 402 1182 vasa
425 1147 502 1182 irae
525 1147 574 1182 ad
598 1146 860 1191 perditionem,
886 1145 918 1181 si
941 1155 1016 1180 non

305 1209 407 1240 esset
452 1205 535 1249 ipsa
579 1204 761 1238 universa
805 1214 850 1238 ex
895 1203 1017 1238 Adam

306 1272 433 1296 massa
466 1262 647 1296 damnata
681 1261 732 1295 IV
767 1261 845 1305 144,
879 1261 936 1304 15;
971 1262 1016 1303 cf.

305 1320 361 1362 60,
409 1320 445 1361 53
496 1319 596 1364 quod
647 1328 737 1363 ergo
788 1318 883 1353 fiunt
931 1318 1018 1353 inde

306 1376 498 1411 nascendo
529 1386 624 1411 vasa
656 1376 744 1420 irae,
776 1375 942 1420 pertinet
971 1375 1016 1409 ad

307 1434 473 1468 debitam
522 1443 694 1478 poenam,
743 1433 844 1477 quod
891 1437 1017 1467 autem

306 1491 402 1525 fiunt
450 1491 684 1526 renascendo
733 1500 830 1525 vasa
877 1490 1018 1525 miseri-

309 1549 473 1591 cordiae,
515 1548 680 1592 pertinet
720 1548 769 1583 ad
811 1547 1016 1583 indebitam

307 1606 469 1649 gratiam
500 1606 576 1649 144,
607 1606 660 1640 17.

262 1679 544 1715 Massiliae
582 1679 644 1714 vel
681 1680 794 1714 etiam
830 1678 1019 1724 aliquibus

309 1737 402 1772 locis
432 1738 469 1771 in
497 1736 622 1771 Gallia
649 1747 704 1781 ea,
732 1747 829 1781 quae
861 1737 903 1771 A.
933 1746 1019 1772 con-

308 1798 368 1829 tra.
405 1794 632 1839 Pelagianos
674 1794 889 1838 scripserat,
928 1794 1020 1829 mul-

310 1856 388 1886 tum
423 1851 669 1895 agitabantur
703 1851 754 1885 IV
788 1852 867 1895 469,
902 1852 937 1895 43
974 1852 1019 1893 ‘'f-

309 1909 387 1944 455.
417 1909 470 1943 12.

265 1982 639 2018 Massiliensis
667 1982 755 2017 urbs
784 1983 835 2017 IV
860 1983 1020 2027 455,12.

309 2040 409 2084 apud
441 2040 696 2075 Massilienses
726 2040 763 2075 in
793 2040 1021 2085 Pelagianae

311 2097 478 2132 haeresis
515 2097 684 2141 reliquiis
721 2108 796 2132 non
832 2098 1022 2132 mediocre

1097 497 1184 532 cilio
1209 496 1428 532 Milevitano
1452 496 1576 531 adfuit
1599 495 1651 530 III
1673 495 1753 539 663,
1775 496 1807 530 6.

840 554 1013 589 Donatus
1050 571 1083 605 M
1098 582 1122 605 a
1134 582 1157 606 u
1173 582 1189 605 r
1204 581 1223 606 e
1238 574 1253 605 t
1267 581 1291 604 a
1304 571 1391 605 nia
1422 570 1455 604 II
1487 570 1567 615 664,
1598 571 1632 605 3.
1665 570 1808 604 Maure-

1096 628 1201 663 tania
1261 628 1520 664 Caesariensis
1579 626 1810 663 occidentali

1097 697 1210 730 quam
1245 686 1477 722 meridianae
1514 685 1613 730 parti
1648 684 1810 720 vicinior

1098 754 1174 779 non
1200 743 1369 779 Africam
1396 753 1435 779 se
1461 743 1545 778 vult
1570 742 1645 778 dici
1672 742 1706 777 II
1731 742 1809 786 469,

1098 796 1153 836 21'.
1180 801 1224 835 A.
1251 801 1420 846 perrexit
1444 811 1565 846 usque
1592 800 1640 835 ad
1666 800 1810 835 Maure-

1098 859 1240 893 taniam
1279 858 1576 902 Caesariensem,
1613 868 1688 903 quo
1727 868 1810 892 eum

1100 916 1363 951 ecclesiastica
1385 917 1596 951 necessitas
1620 915 1737 951 traxit
1759 915 1811 949 IV

1100 974 1178 1018 137,
1221 975 1252 1009 9.
1298 975 1374 1018 168,
1418 974 1450 1008 2.
1495 974 1533 1008 in
1576 973 1812 1008 Mauretania

1099 1032 1338 1067 Caesariensi
1387 1031 1530 1067 latebat
1581 1031 1808 1066 Cartennen-

1101 1089 1150 1124 sis
1196 1089 1420 1124 Vincentius
1466 1089 1499 1123 II
1542 1089 1621 1133 466,
1664 1088 1719 1123 22.
1764 1088 1812 1123 ad

1099 1147 1355 1182 Mauretanias
1393 1150 1452 1182 est
1488 1147 1682 1191 scriptum,
1718 1156 1813 1191 quas

1099 1205 1317 1250 provincias
1339 1204 1543 1240 constabat
1563 1214 1652 1239 suos
1674 1203 1813 1239 habere

1102 1264 1281 1308 primates
1309 1262 1343 1297 II
1370 1262 1449 1306 219,
1476 1263 1530 1297 10.

1057 1344 1085 1377 M
1103 1354 1126 1378 a
1139 1355 1164 1378 u
1178 1354 1231 1395 rro
1247 1355 1264 1378 r
1278 1354 1301 1377 u
1317 1354 1352 1378 m
1383 1343 1552 1388 episcopi
1584 1343 1617 1377 II
1649 1342 1727 1386 219,
1759 1342 1812 1378 13.

1103 1401 1276 1436 Donatus
1292 1411 1376 1436 cum
1392 1401 1581 1435 universis
1597 1400 1812 1435 Maurorum

1104 1459 1295 1504 episcopis
1318 1458 1617 1494 communicavit
1636 1458 1671 1493 II
1684 1458 1767 1499 487,¹
1779 1458 1811 1492 7.

1057 1538 1126 1573 Ma
1140 1550 1163 1574 u
1178 1550 1195 1573 r
1209 1550 1234 1573 u
1248 1548 1264 1573 s
1280 1539 1330 1574 iu
1345 1549 1361 1574 s
1401 1542 1438 1573 et
1475 1539 1674 1583 Paternus,
1711 1537 1815 1573 Cele-

1102 1597 1152 1631 ris
1192 1596 1363 1632 homines
1402 1597 1440 1631 in
1479 1596 1634 1642 regione
1674 1596 1814 1641 Hippo-

1101 1654 1223 1689 niensi
1253 1654 1287 1688 II
1315 1654 1394 1698 215,
1424 1654 1478 1688 22.

1057 1734 1293 1778 Maxima,
1326 1734 1468 1769 famula
1499 1734 1560 1770 dei
1590 1734 1642 1770 IV
1672 1734 1752 1779 635,
1782 1734 1814 1769 3.

1100 1792 1180 1836 636,
1231 1792 1286 1826 24.
1334 1792 1472 1827 litteris
1522 1792 1570 1826 ad
1620 1791 1664 1826 A.
1713 1791 1813 1827 datis

1103 1859 1187 1884 cum
1222 1853 1434 1894 conquesta
1467 1852 1569 1884 esset
1602 1849 1648 1885 de
1683 1848 1816 1884 errori—

1102 1906 1172 1942 bus
1199 1907 1543 1951 perniciosissimis,
1569 1906 1705 1952 quibus
1733 1916 1816 1952 pro-

1102 1964 1231 1999 vincia
1257 1975 1328 1999 sua
1353 1964 1509 1999 nimium
1537 1964 1816 2009 periclitaretur

1104 2022 1156 2056 IV
1188 2022 1268 2066 635,
1301 2022 1334 2057 6.
1369 2022 1448 2065 636,
1482 2022 1537 2065 26,
1571 2022 1615 2056 A.
1650 2021 1698 2056 ad
1733 2031 1816 2057 eam

1105 2079 1207 2114 misit
1230 2090 1287 2124 ep.
1311 2079 1388 2114 264.

310 2155 517 2199 periculum
564 2154 803 2190 nutriebatur
848 2155 899 2189 IV
944 2154 1023 2197 465,
1056 2159 1497 2195 Maximianistae
1541 2158 1818 2202 (Maximia-

313 2212 366 2246 11.
401 2212 447 2247 de
481 2223 558 2257 qua
590 2223 630 2248 re
664 2223 748 2257 epp.
783 2212 850 2247 225
884 2216 923 2246 et
956 2212 1023 2246 226

312 2269 473 2314 Prosper
507 2274 546 2305 et
579 2269 744 2304 Hilarius
780 2270 828 2305 ad
861 2270 907 2304 A.
941 2280 1022 2314 per-

313 2326 547 2371 scripserunt
585 2330 711 2371 atque,
749 2330 791 2361 ut
830 2336 1023 2361 succurre-

312 2387 381 2427 ret,
423 2384 640 2428 petiverunt
683 2384 733 2418 IV
775 2385 853 2427 467,
895 2384 925 2419 9.
968 2384 1022 2418 20.

312 2441 391 2484 479,
419 2441 451 2475 2.
480 2442 558 2485 480,
586 2442 618 2475 7.

360 2503 461 2537 Inter
506 2503 589 2538 illos
633 2503 888 2538 Massilienses
933 2503 1043 2582 clari·

314 2563 351 2594 et
386 2560 528 2605 egregii
565 2562 602 2595 in
639 2561 804 2595 omnium
840 2561 1042 2597 virtutum¹

315 2617 441 2652 studio
469 2618 542 2652 viri
570 2621 679 2652 erant
706 2618 757 2652 1v
784 2618 862 2654 456,
892 2619 948 2661 ιι,
978 2600 1043 2660 ‹:f.1

315 2674 392 2717 467,
424 2674 477 2708 11.
508 2675 587 2715 478,
620 2675 673 2718 15,
705 2685 864 2719 quorum
895 2671 1043 2725 aucto-J

315 2730 465 2765 ritatem
495 2731 744 2776 simpliciores
773 2732 854 2768 sine
886 2732 1043 2767 iudiciOl

315 2787 572 2832 sequebantur
603 2788 654 2823 IV
686 2790 765 2833 456,
796 2790 850 2825 13.

1105 2227 1269 2252 nense
1285 2227 1301 2252 s
1325 2217 1359 2251 II
1382 2218 1459 2260 108,
1482 2217 1536 2252 23.
1558 2216 1638 2261 402,
1661 2217 1714 2251 11.
1737 2216 1816 2260 676,

1105 2274 1175 2318 23),
1209 2275 1272 2319 qui
1307 2274 1353 2309 de
1390 2274 1677 2309 Donatistarum
1712 2284 1817 2319 prae-

1105 2332 1247 2367 cisione
1280 2332 1441 2376 praecisi
1474 2335 1574 2375 sunt,
1605 2331 1818 2367 Donatistis

1106 2389 1315 2434 comparati
1363 2390 1583 2434 paucissimi
1630 2392 1739 2424 erant
1784 2388 1817 2423 II

1105 2447 1184 2490 402,
1220 2447 1274 2481 12.
1310 2446 1512 2482 concilium
1549 2446 1818 2481 Maximianen-

1106 2504 1202 2538 sium
1230 2504 1378 2538 =femina
1413 2504 1599 2549 quaedam
1635 2503 1819 2539 conflavit

1106 2562 1291 2596 adversus
1313 2561 1509 2596 absentem
1531 2560 1761 2596 Primianum
1783 2560 1816 2595 II

1107 2619 1184 2658 108,
1226 2618 1281 2653 23.
1322 2619 1367 2653 A.
1408 2618 1611 2653 concilium
1653 2617 1817 2653 Secundi

1106 2675 1308 2720 Tigisitani
1372 2676 1556 2710 adversus
1621 2674 1817 2710 absentem

1107 2732 1363 2767 Caecilianum
1395 2743 1479 2767 cum
1511 2732 1672 2768 concilio
1703 2731 1817 2767 Maxi-

1107 2790 1356 2825 mianensium
1396 2790 1581 2825 adversus
1622 2789 1817 2825 absentem

1546 2859 1609 2892 17⁸
