2078 3054
842 102 1080 136 Praefatio.
1546 103 1716 137 LXXXV

208 219 339 262 stulas
378 219 461 259 225
499 224 539 259 et
577 219 659 258 ‘22ss
698 232 749 259 ex
790 218 908 259 initio
948 217 1037 258 libri
1079 217 1144 258 ‘de
1182 218 1564 272 praedestinatione
1601 230 1720 259 sanc-

208 290 369 324 torum.

266 411 442 451 Centum
483 408 645 449 circiter
681 408 804 450 annis
842 412 937 463 post
976 408 1264 449 Lovanienses
1306 420 1457 448 novam
1495 408 1722 462 Augustini

208 471 433 513 editionem
474 471 742 525 amplissimis
785 471 1073 512 fundamentis
1112 470 1333 524 magnifice
1371 471 1605 513 institutam
1637 484 1721 512 mo·

210 535 332 576 naclti
365 534 523 576 ordinis
556 549 586 576 s.
614 534 879 575 Benedicti
904 548 925 575 e
949 535 1274 588 congregatione
1307 547 1338 575 s.
1364 534 1518 575 Mauri
1553 535 1723 576 Parisiis

210 600 318 640 intra
351 611 486 639 annos
522 597 805 638 low—1700
839 603 1103 652 paraverunt.
1148 611 1272 650 quam
1305 605 1349 638 ut
1381 598 1587 650 omnibus,
1633 598 1723 651 qui-

210 663 288 703 bus
331 667 515 715 possent,
562 661 713 714 opibus
761 666 1013 703 exornarent
1045 666 1085 702 et
1118 661 1404 711 inlustrarent,
1452 675 1723 715 permagnam

211 725 395 777 undique
429 725 624 765 librorum
657 738 754 766 mss.
779 724 1089 766 multitudinem
1113 729 1157 764 ut
1179 724 1436 777 colligerent,
1470 725 1723 766 nitebantur.

210 796 335 840 atquc
370 788 551 830 Gallicos
593 788 771 838 codices,
815 788 855 828 in
890 788 1043 840 quibus
1075 786 1224 828 mediis
1259 787 1381 840 positi
1413 787 1466 827 ad
1500 788 1724 841 Augustini

211 852 350 893 studia
392 851 705 901 incumbebant,
753 864 824 893 eos
868 851 1092 904 praecipue
1135 849 1469 892 consideravisse
1511 859 1551 891 et
1592 851 1724 892 maxi-

212 929 321 956 mum
356 928 521 956 suorum
556 915 752 955 librorum
787 928 1003 964 numerum
1036 913 1132 954 inde
1155 913 1331 968 adeptos
1354 927 1461 964 esse,
1494 914 1533 954 id
1558 914 1725 966 quidem

212 979 380 1019 minime
423 979 569 1019 mirum
613 984 691 1029 est:
737 978 997 1031 Belgicorum
1036 977 1224 1018 codicum
1264 977 1463 1018 lectiones
1501 978 1725 1018 maximam

214 1049 370 1095 partem
413 1042 452 1081 in
486 1040 813 1094 Lovaniensium
857 1040 1040 1081 editione
1078 1049 1246 1094 paratas
1279 1040 1570 1094 inveniebant;
1614 1041 1727 1081 Vati-

212 1106 302 1146 cani
347 1105 437 1145 libri
483 1104 593 1145 fclici
637 1103 817 1157 quodam
862 1117 960 1145 casu
1004 1104 1164 1144 collecti
1213 1103 1450 1156 conlatique
1497 1104 1538 1144 in
1586 1117 1726 1145 eorum

213 1182 362 1210 manus
396 1167 643 1208 inciderunt.
680 1167 834 1208 etenim
858 1181 966 1221 papa
991 1167 1136 1208 Sixtus
1160 1167 1192 1207 V
1221 1180 1333 1207 auno
1361 1167 1470 1207 1587
1505 1168 1725 1219 collegium

212 1232 464 1274 instituerat.
499 1231 608 1284 quod
643 1232 868 1285 Augustini
902 1244 1029 1284 opera
1060 1230 1199 1271 denuo
1232 1230 1397 1271 edenda
1418 1238 1581 1272 curaret
1604 1230 1728 1283 idque

213 1310 263 1336 ex
303 1295 401 1336 solis
435 1295 649 1335 Vaticanis
682 1294 910 1336 codicibus.
955 1295 1095 1346 itaque
1127 1308 1199 1347 per
1232 1294 1409 1336 selectos
1442 1295 1552 1335 viros
1585 1293 1729 1335 doctos

213 1359 268 1399 illi
309 1358 475 1399 codices
513 1358 868 1410 conquirebanttu·
906 1372 953 1398 ac
993 1356 1331 1409 conferebantur,
1374 1357 1427 1398 ad
1466 1357 1599 1411 ipsam
1634 1371 1730 1398 vero

213 1422 436 1463 editionem
482 1435 708 1474 numquam
750 1430 921 1462 ventum
958 1430 1033 1462 cst.
1077 1421 1217 1461 variae
1256 1427 1392 1462 tamen
1427 1420 1614 1462 codicum
1648 1421 1727 1462 lec-

214 1486 348 1526 tiones
388 1486 440 1525 ita
481 1485 680 1525 collectae
721 1492 760 1525 et
799 1485 1028 1538 dispositae
1061 1484 1183 1525 etiam
1220 1498 1329 1525 nulle
1362 1490 1508 1526 extant
1541 1486 1579 1524 in
1614 1485 1730 1526 libris

217 1548 428 1589 Vaticanis
460 1548 564 1588 4991
611 1555 649 1588 et
684 1547 809 1599 4992,
854 1561 958 1600 quos
999 1548 1124 1589 libros
1164 1561 1273 1601 papa
1311 1547 1505 1589 Clemens
1539 1548 1577 1588 X
1618 1548 1730 1589 Mau-

214 1612 315 1652 rinis
359 1610 534 1652 utendos
578 1612 795 1652 concessit.
844 1618 971 1663 atque
1013 1611 1287 1665 epistularum
1331 1611 1510 1661 codices,
1558 1625 1730 1664 quorum

216 1676 413 1715 lectiones
457 1675 561 1715 liber
597 1674 825 1716 Vaticanus
868 1675 974 1713 4991
1022 1674 1107 1726 li'ol.
1138 1675 1320 1725 1—125>
1358 1676 1556 1722 continet,
1600 1674 1731 1716 Aldus

217 1739 429 1778 Manutius
473 1738 700 1779 contulisse
746 1737 921 1778 videtur.
967 1736 1076 1778 hunc
1116 1738 1240 1791 igitur
1272 1747 1518 1792 apparatum
1553 1738 1729 1778 Maurini

215 1801 265 1841 ad
306 1800 592 1842 emendandas
627 1801 852 1854 Augustini
893 1800 1095 1854 epistulas
1134 1800 1418 1842 adhibuerunt
1455 1809 1582 1854 atque
1622 1802 1731 1842 bunc

216 1865 346 1906 solum
382 1878 516 1916 neque
550 1865 675 1905 ullum
709 1865 835 1904 alium
861 1878 910 1905 ex
940 1864 1153 1906 Vaticanis
1176 1864 1402 1906 codicibus.
1438 1864 1570 1907 Aldus
1591 1874 1731 1905 autem

217 1927 431 1968 Manutius
474 1941 565 1971 cum
605 1942 656 1967 cx
700 1927 866 1969 duobus
905 1927 984 1969 illis
1023 1927 1139 1969 libris
1176 1941 1291 1969 mss..
1333 1929 1372 1968 in
1413 1929 1566 1981 quibus
1599 1929 1731 1969 Lova-

218 1991 386 2031 nienses
420 1991 473 2030 24
512 2005 642 2032 noras
682 1991 884 2043 epistulas
924 1991 1158 2044 repperisse
1198 1997 1238 2032 et
1271 1992 1424 2045 primos
1457 1991 1641 2033 edidisse
1673 1991 1732 2032 di-

218 2055 367 2101 ximus,
412 2052 451 2093 id
493 2062 555 2095 est
594 2068 645 2094 cx
681 2054 896 2094 Vaticanis
933 2054 1018 2094 495>
1049 2060 1091 2095 et
1122 2055 1204 2095 495)
1243 2047 1354 2095 hunc
1392 2060 1554 2095 tantum
1588 2060 1732 2096 contu-

217 2117 348 2166 lisset,
374 2117 549 2157 Maurini
574 2130 739 2169 quoque
763 2116 872 2157 bunc
896 2122 1054 2157 tantum
1079 2124 1378 2171 cognoverunt,
1402 2118 1516 2158 illum
1539 2118 1734 2171 ignorant

218 2193 467 2234 semperque
508 2181 547 2220 in
589 2180 651 2221 bis
691 2180 881 2233 epistulis
903 2180 972 2220 -de
1012 2194 1094 2222 uno
1127 2187 1288 2222 tantum
1322 2182 1525 2222 Vaticano
1557 2181 1733 2234 loquun-

218 2245 345 2287 tur.¹)
389 2257 524 2295 quem.
567 2243 704 2296 quoad
745 2250 983 2296 potuerunt,
1029 2244 1273 2298 plerumque
1311 2250 1408 2286 sunt
1450 2245 1596 2295 secuti,
1640 2258 1732 2285 cum

218 2307 506 2348 Lovanienses
538 2306 724 2348 codicem
746 2307 830 2346 495)
863 2312 1006 2360 utpote
1039 2307 1249 2348 meliorem
1284 2307 1609 2361 praeferendum
1643 2321 1735 2350 esse

221 2371 325 2412 bene
360 2369 649 2411 iudicaverint.

277 2432 318 2473 Si
352 2432 445 2484 quis
478 2433 698 2485 exquirere
732 2433 921 2484 voluerit,
954 2446 1134 2486 quanam
1165 2433 1324 2474 ratione
1349 2434 1527 2475 Maurini
1551 2434 1591 2474 in
1618 2440 1733 2475 uten-

220 2495 283 2537 ‹lis
322 2495 437 2536 libris
476 2509 572 2536 mss.
608 2495 746 2537 officio
785 2509 859 2537 suo
898 2495 1104 2550 perfuncti
1138 2498 1233 2548 sint,
1266 2496 1359 2538 libri
1393 2497 1584 2538 Vaticani
1619 2510 1734 2550 prae—

282 2660 305 2689 ¹'›
339 2663 416 2699 Qua
456 2669 491 2691 rc
529 2659 752 2701 aliquamdiu
787 2670 905 2692 errori¹
940 2659 1135 2702 implicitus
1167 2658 1328 2693 tenebar.
1375 2670 1454 2692 cuin
1491 2659 1735 2692 Lovanicnscs

221 2720 365 2753 quoquc
399 2710 432 2742 in
467 2721 537 2743 uuo
569 2714 709 2743 tantum
743 2710 867 2744 codice
896 2711 1074 2744 Vaticano
1101 2712 1197 2752 (495)
1226 2710 1305 2744 illas
1333 2710 1508 2754 epistulas
1535 2711 1734 2753 repperisse

222 2761 405 2804 putabunt.
434 2761 465 2793 id
495 2762 590 2804 quaml
620 2762 753 2795 sactum
783 2767 833 2794 cst
864 2762 896 2795 in
926 2762 1090 2805 epistulis
1120 2766 1170 2798 ll.
1201 2766 1248 2797 12.
1279 2765 1331 2797 50.
1360 2765 1412 2797 79.
1441 2765 1493 2798 94.
1521 2764 1573 2797 95.

1473 2819 1529 2852 sssss
