2078 3054
298 158 362 192 XC
934 155 1184 190 Praefatio.

296 287 473 328 rumque
490 275 644 316 nullius
661 274 744 315 sint
762 274 977 325 momenti,
995 274 1038 314 in
1055 271 1403 315 adnotationibus
1421 270 1609 326 proferre
1621 272 1831 324 nolebam,

296 339 375 380 nisi
392 338 426 379 si
445 337 649 392 epistulae
667 337 884 392 inscriptio
896 347 968 377 aut
980 336 1110 378 dubia
1123 343 1187 378 est
1198 340 1271 377 aut
1284 335 1420 376 variat
1431 340 1503 376 aut
1513 335 1684 377 omnino
1699 334 1830 381 deest.

354 402 489 444 Simili
520 402 681 443 ratione
714 415 792 453 res,
827 414 935 453 quae
967 400 1099 442 solam
1132 399 1478 453 orthographiam
1502 404 1696 453 spectant
1718 398 1832 440 velut

298 481 359 515 ae,
394 481 425 519 e,
459 480 498 516 θ,-
532 468 650 518 cepit,
680 466 798 517 cqpit,
829 465 978 517 caepit,
1003 466 1154 517 coepi&
1187 463 1325 514 caedo,
1350 463 1462 516 cedo,
1499 463 1644 516 adque,
1669 463 1829 516 inquid,

295 534 365 579 set,
414 529 606 584 inprimis
644 534 786 570 autem
833 529 1051 569 nominum
1099 527 1362 581 propriorum
1410 526 1549 567 varias
1590 526 1831 581 scripturas,

297 607 405 647 quae
437 592 622 634 maxime
655 592 893 633 deformata
925 605 1017 633 esse
1041 591 1190 643 solent,
1224 598 1269 631 ut
1291 591 1538 644 Apustium,
1572 591 1691 643 Ippo,
1729 590 1831 632 Car-

298 662 403 711 tago,
438 657 645 711 Kar-tayo,
684 656 894 710 Chartayo
926 655 1002 707 al.,·
1028 655 1109 696 nisi
1143 668 1252 707 quae
1285 654 1515 708 singularis
1547 667 1671 695 causa
1704 653 1830 695 inter-

297 720 490 772 cedebat,
532 719 827 774 neglegebam.
871 719 913 760 in
951 718 1055 773 ipsis
1093 725 1235 759 autem
1270 718 1463 772 epistulis
1495 731 1587 758 eam
1621 716 1833 758 scribendi

296 784 503 826 rationem
547 790 717 826 secutus
758 797 864 835 sum,
911 796 1037 836 quam
1080 782 1381 824 vetustissimis
1422 781 1676 836 optimisque
1716 781 1834 822 libris

298 849 517 903 probatam
552 861 645 890 esse
678 847 991 901 intellegebam.

359 912 629 966 Superior-um
653 911 886 953 editionum
909 910 1114 952 rationem
1133 909 1347 951 habebam
1373 910 1444 962 ita,
1469 914 1525 961 ut,
1544 922 1834 963 quaecumque

298 976 339 1017 in
386 975 580 1029 epistulis
626 975 747 1016 aliter
794 975 1035 1026 scriberem,
1077 979 1205 1027 atque
1252 978 1315 1015 est
1355 972 1469 1027 apud
1513 973 1741 1025 Maurinos,
1784 986 1834 1015 ea

298 1039 439 1082 omnia
470 1039 736 1093 adnotarem;
771 1037 882 1092 quod
912 1051 1001 1080 cum
1035 1038 1231 1089 facerem,
1264 1050 1403 1090 neque
1427 1041 1590 1079 ceteras
1612 1035 1832 1091 editiones,

299 1104 333 1145 si
355 1108 429 1144 aut
450 1116 597 1145 omnes
619 1107 693 1144 aut
714 1103 883 1156 aliquae
906 1115 999 1143 cum
1023 1101 1228 1143 Maurinis
1251 1104 1503 1155 congruunt,
1532 1100 1832 1155 neglegebam3

298 1172 518 1221 praeterea
550 1167 632 1208 nisi
664 1166 933 1220 gravioribus
966 1166 1106 1207 causis
1140 1170 1374 1207 commotus
1406 1177 1478 1206 eas
1506 1178 1589 1206 non
1619 1165 1834 1206 curabam.

299 1244 404 1284 quas
436 1244 558 1286 porro
590 1230 772 1272 Maur-ini
811 1236 852 1271 et
890 1230 1181 1272 Lovanienses
1219 1243 1273 1271 ex
1313 1229 1400 1271 suis
1440 1228 1658 1270 codicibus
1695 1229 1835 1271 varias

298 1295 503 1336 lectiones
535 1294 748 1346 adferunt,
783 1307 855 1336 eas
887 1294 1076 1347 recipere
1115 1292 1378 1346 dubitabam,
1418 1292 1618 1346 quoniam
1656 1306 1739 1334 non
1777 1292 1833 1334 ita

300 1362 397 1400 sunt
435 1363 716 1413 comparatae,
757 1362 802 1399 ut
839 1356 988 1398 fidenti
1027 1358 1169 1398 animo
1207 1356 1268 1399 eis
1311 1357 1372 1398 uti
1409 1355 1630 1411 potuerim.
1670 1360 1834 1398 tantum

300 1421 426 1464 modo
466 1422 537 1464 ubi
576 1422 681 1464 meis
720 1420 937 1463 codicibus
976 1434 1122 1475 parum
1161 1419 1411 1473 adiuvabar,
1451 1420 1652 1462 maiorem
1691 1433 1832 1462 curam

298 1485 558 1528 editionibus
590 1485 861 1527 adhibebam.

358 1550 474 1591 Libri
506 1563 605 1592 mss.
640 1549 780 1591 adhuc
808 1549 1144 1591 numerabantur
1166 1548 1318 1603 potius,
1343 1561 1469 1601 quam
1491 1547 1836 1602 ponderabantur

300 1618 427 1666 atque
460 1627 512 1654 ex
546 1613 817 1655 multitudine
849 1613 988 1666 magis
1019 1612 1360 1655 aestimabantur
1391 1625 1518 1666 quam
1551 1625 1605 1653 ex
1633 1612 1833 1653 bonitate.

299 1690 438 1730 neque
471 1690 534 1729 ea,
567 1691 651 1730 qua
682 1690 759 1731 par
791 1681 892 1730 erat,
927 1676 1147 1732 diligentia
1176 1681 1218 1717 et
1239 1676 1473 1718 subtilitate
1495 1675 1836 1729 excutiebantur,

302 1741 375 1783 sed
395 1741 571 1782 strictim
595 1746 759 1782 tantum
782 1740 963 1782 conferri
987 1740 1182 1783 solebant
1205 1739 1479 1794 carptimque.
1504 1753 1588 1793 qua
1609 1753 1654 1781 re
1676 1739 1835 1782 factum

301 1810 378 1852 est,
412 1810 457 1846 ut
489 1805 623 1846 multa
654 1810 806 1857 errata,
841 1818 950 1858 quae
982 1818 1035 1846 ex
1069 1804 1288 1847 codicibus
1320 1803 1447 1844 facile
1486 1803 1639 1856 corrigi
1677 1804 1835 1858 potuis-

300 1873 406 1919 sent,
439 1881 513 1923 per
544 1882 693 1911 omnes
725 1868 935 1911 editiones
957 1869 1119 1910 intacta
1141 1872 1377 1919 manerent,
1408 1866 1451 1909 id
1475 1866 1586 1920 quod
1608 1868 1836 1922 praecipue

300 1932 455 1974 accidit
497 1933 536 1973 in
578 1933 804 1974 verborum
843 1932 1220 1974 conlocationibus.
1259 1931 1405 1984 itaque
1447 1931 1489 1971 in
1528 1930 1719 1986 paranda
1756 1931 1836 1973 hac

301 2010 412 2038 nova
435 1996 618 2038 editione
643 1996 823 2050 primum
847 2000 889 2037 et
910 1996 1185 2050 praecipuum
1208 1994 1361 2037 munus
1384 2000 1475 2036 erat
1490 1994 1834 2047 antiquissimum

302 2073 511 2113 quemque
544 2059 731 2101 codicem
765 2059 1056 2114 optimumque
1089 2058 1369 2113 epistularum
1399 2057 1683 2100 emendationi
1707 2058 1834 2112 potis-

301 2124 452 2166 simum
483 2123 701 2176 adhibere,
734 2123 935 2166 librorum
969 2136 1068 2165 mss.
1090 2135 1250 2177 genera
1278 2123 1638 2176 cognationesque
1660 2122 1834 2164 investi·

300 2201 414 2242 gare,
438 2188 594 2242 quippe
617 2201 726 2241 quae
748 2187 802 2228 ad
824 2193 957 2228 artem
977 2187 1163 2229 criticam
1183 2187 1290 2228 bene
1309 2186 1590 2228 exercendam
1609 2186 1832 2240 plurimum

302 2252 504 2303 valerent,
537 2252 652 2306 ipsos
674 2252 804 2294 libros
836 2265 963 2304 quam
995 2250 1316 2293 accuratissime
1349 2250 1541 2291 conferre
1571 2263 1620 2291 ac
1642 2262 1833 2304 perscru-

301 2315 394 2358 tari.
426 2315 538 2369 quod
572 2320 757 2369 quantae
789 2315 963 2357 utilitati
995 2314 1136 2366 fuerit,
1171 2314 1309 2367 quivis
1332 2313 1572 2368 perspiciet,
1606 2326 1727 2366 quem
1751 2326 1834 2355 non

301 2378 464 2433 pigebit
495 2379 749 2433 perquirere,
783 2378 979 2432 quotiens
1011 2391 1036 2419 a
1068 2377 1354 2419 Maur-inorum
1389 2383 1710 2430 ceterorumque
1745 2375 1832 2418 edi-

303 2442 494 2484 tionibus
526 2442 655 2484 fuerit
687 2442 1008 2485 discedendum.
1041 2446 1170 2495 atque
1203 2447 1248 2482 ut
1271 2440 1457 2495 insignia
1478 2441 1621 2493 aliqua
1643 2440 1839 2494 exempla

301 2505 527 2561 proferam,
561 2506 786 2561 epistulam
819 2506 890 2546 157
926 2519 1111 2548 memoro
1144 2509 1185 2546 et
1217 2504 1443 2559 epistulam
1472 2503 1563 2556 186,
1596 2505 1663 2546 cui
1692 2517 1833 2546 emen-

301 2564 470 2611 dandae
492 2569 626 2612 codex
645 2569 990 2612 Vindobonensis
1013 2569 1096 2610 873
1118 2582 1273 2624 magno
1297 2572 1386 2610 erat
1408 2566 1503 2610 us'ui
1533 2566 1603 2623 (cf.
1622 2581 1662 2622 p.
1678 2562 1833 2608 LIX—

302 2633 417 2688 LX);
461 2633 606 2687 codice
643 2634 835 2676 Parisino
875 2647 979 2681 nov.
1012 2646 1104 2686 acq.
1141 2633 1253 2674 1672
1294 2632 1548 2687 permultum
1598 2630 1834 2686 profectum

303 2702 369 2739 cst
399 2697 441 2738 in
473 2697 665 2752 epistulis
700 2697 793 2739 150.
831 2697 1072 2738 160-163.
1118 2696 1197 2737 170
1235 2700 1276 2738 et
1314 2696 1356 2737 in
1395 2695 1591 2751 epistulis
1629 2695 1697 2737 95.
1740 2695 1832 2736 108.

307 2761 400 2802 151.
438 2761 532 2813 155,
565 2774 675 2814 quae
706 2760 848 2802 adhuc
879 2774 932 2802 ex
957 2761 1059 2804 solis
1083 2760 1300 2802 codicibus
1323 2760 1541 2802 Vaticanis
1571 2759 1664 2800 495*
1689 2764 1730 2801 et
1750 2759 1834 2807 499

304 2837 413 2866 saec.
444 2824 523 2865 XV
568 2829 687 2866 erant
729 2825 945 2879 cognitaej
987 2821 1117 2878 atque
1160 2824 1342 2878 epistula
1390 2824 1461 2864 151
1509 2837 1622 2865 nunc
1663 2822 1833 2865 demum
