2078 3054
915 146 1058 183 Index
1085 146 1129 182 V.
1717 134 1793 176 261

296 262 476 297 damnare
501 261 730 296 Primianum
754 260 949 296 absentem
974 259 1028 317 113

296 320 374 357 615,
407 319 461 353 21.
496 319 547 353 ΙΙΙ
580 319 659 362 239,
691 318 750 362 223
783 318 828 359 cf.
863 318 896 352 lI
928 318 1008 362 617,

298 377 350 410 16.
394 377 473 419 625,
518 377 571 410 10.
616 376 667 410 111
710 376 789 419 240,
832 375 886 410 16.
930 374 1026 409 Pri-.

296 434 443 469 mianus
465 444 488 468 a
509 433 646 468 ceteris
670 433 772 467 Afris
794 443 885 468 suae
907 442 1006 467 com-

296 491 484 525 munionis
506 490 695 535 episcopis
718 493 853 525 contra
873 489 1006 524 factio-

294 559 378 583 nem
412 547 629 582 Maximiani
663 550 847 592 purgatus
881 550 939 581 est
972 546 1005 580 11

297 606 372 648 108,
408 606 439 639 9.
475 605 635 640 trecenti
670 604 800 639 decem
836 603 1006 648 episcopi

295 662 496 707 Bagaiensi
535 662 696 697 concilio
737 661 1005 696 Maximianum

294 724 332 754 ct
356 720 481 754 socios
509 719 589 754 eius
616 723 808 763 tamquam
834 722 1004 753 mortuos

293 787 316 810 a
358 787 426 811 sua
470 776 735 811 communione
779 785 1005 820 segregave-

293 838 380 868 runt
414 834 444 868 11
476 834 554 877 615,
586 834 640 868 23.
672 833 751 876 617,
783 833 841 876 283
873 823 921 874 ct?
951 832 1003 866 ΠΙ

293 892 370 935 240,
405 891 437 925 5.
473 890 523 924 IV
561 891 615 934 15,
651 891 706 925 23.
742 894 886 934 quanta
920 900 1004 924 ver-

292 948 423 982 borum
460 952 599 992 pompa
634 948 671 982 id
708 948 850 982 factum
886 947 935 982 sit
971 946 1004 981 II

291 1006 370 1041 615.
406 1005 460 1040 24.
497 1005 575 1049 618,
613 1005 644 1039 2.
680 1005 759 1048 628,
796 1005 850 1039 23.
888 1004 1003 1039 Maxi-

293 1063 416 1096 miano
458 1062 522 1097 alii
563 1062 776 1105 duodecim,
818 1062 881 1106 qui
922 1062 1002 1096 eius

291 1120 521 1154 ordinationi
586 1120 850 1161 interfuerant,
915 1130 1003 1154 con-

293 1177 409 1211 iuncti
435 1181 523 1211 sunt
547 1177 579 1210 11
603 1177 682 1220 615,
707 1177 762 1211 27.
787 1177 837 1210 IV
866 1177 917 1217 15,
943 1176 1001 1219 23;

291 1236 336 1275 ‘'f-
366 1235 395 1268 ll
423 1235 501 1270 418.
526 1235 558 1269 3.
584 1234 663 1277 629,
689 1235 709 1268 4
735 1237 772 1268 et
798 1234 899 1278 apud
924 1237 1001 1268 tres

289 1296 352 1326 aut
397 1291 558 1335 amplius
602 1291 850 1335 proconsules
891 1301 1002 1325 accu-

290 1349 374 1385 sati.
401 1353 442 1383 ut
469 1359 488 1383 e
516 1348 669 1395 sedibus
698 1349 775 1383 suis
802 1348 1000 1383 iudiciario

290 1407 423 1448 vigore
450 1406 679 1450 pellerentur
706 1406 737 1439 ΙΙ
764 1406 843 1448 616,
870 1406 927 1448 12;
954 1407 999 1447 cs.

289 1464 343 1497 20.
384 1463 464 1498 627.
503 1465 535 1497 6.
577 1463 628 1497 ΙΙΙ
669 1464 726 1506 33,
768 1464 821 1497 17.
864 1462 1000 1498 ceteris

290 1521 517 1564 praestituto
541 1520 602 1555 die
626 1520 807 1555 redeundi
832 1524 890 1555 est
913 1530 1000 1554 con-

289 1588 398 1612 cessa
427 1577 559 1612 dilatio
593 1578 709 1612 salvis
742 1578 819 1612 suis
851 1577 1001 1612 honori-

289 1634 369 1670 bus.
400 1635 431 1669 si
461 1635 559 1669 intra
589 1635 769 1678 temporis
800 1635 999 1669 terminum

290 1696 521 1726 remeassent
551 1692 581 1725 11
613 1692 691 1727 616.
722 1693 750 1725 1.
781 1692 830 1725 lv
860 1692 913 1734 15,
941 1692 998 1733 243

288 1749 334 1789 cf.
370 1749 401 1782 ΙΙ
436 1749 514 1784 616.
552 1750 603 1782 19.
640 1749 691 1782 ΙΙΙ
723 1750 780 1791 37,
815 1749 869 1791 26,
904 1758 998 1793 quos

288 1806 324 1839 in
373 1806 588 1841 Maximiani
638 1806 812 1851 sacrilegi
859 1805 999 1841 surculi

287 1863 551 1897 communione
581 1863 786 1907 inpollutos
814 1863 999 1897 mansisse

288 1920 466 1954 dixerunt
487 1920 536 1953 111
560 1921 616 1955 37.
638 1920 695 1955 28:
719 1921 764 1960 cf.
789 1920 820 1954 II
843 1920 922 1956 626.
945 1921 997 1954 18.

289 1977 338 2010 lli
364 1978 420 2012 33.
447 1977 501 2010 21.
528 1977 607 2016 240,
632 1978 663 2011 7.
690 1977 745 2011 22.
773 1977 998 2011 Donatistae

288 2044 364 2069 cos.
417 2034 479 2077 qui
533 2034 760 2068 Maximiano
813 2034 997 2068 societate

286 2091 477 2124 coniuncti
494 2090 838 2133 communicabant,
854 2101 931 2125 non
946 2091 997 2124 in-

287 2148 435 2191 quinari
512 2147 701 2187 dicebant,
779 2148 997 2192 inquinatos

286 2210 412 2238 autem
448 2215 531 2239 esse
567 2205 727 2248 populos
761 2205 998 2240 Christianos

287 2272 350 2304 per
371 2262 639 2296 caecilianum.
662 2262 769 2296 cuius
790 2272 864 2296 non
885 2262 997 2296 modo

286 2329 440 2352 cansam
491 2319 556 2353 sed
609 2319 714 2353 inulti
765 2329 810 2353 ne
861 2329 997 2353 nomen

286 2375 436 2418 quidem
470 2385 582 2409 nosse
616 2379 821 2420 potuerunt
854 2375 886 2409 ΙΙ
919 2375 997 2410 625.

285 2432 434 2474 {lm-626,
482 2432 535 2466 27.
585 2432 835 2466 Maximianus
884 2433 997 2467 talem

289 2489 588 2532 persecutionem
619 2489 783 2532 pcrtulit.
811 2496 851 2523 ut
879 2489 997 2524 eccle-

287 2545 343 2579 sia.
382 2546 461 2579 cius
502 2557 620 2589 usquc
661 2546 707 2580 ad
750 2540 1014 2592 fundamenta,¹

286 2602 497 2636 dirueretur
536 2602 568 2636 II
609 2603 685 2637 115.
724 2603 776 2636 18.

334 2675 556 2710 Donatistae
591 2687 635 2710 ex
670 2676 762 2720 ipsis
794 2676 994 2711 duodecim

287 2732 470 2776 quosdam
526 2736 564 2767 et
619 2744 664 2768 ex
722 2733 805 2768 illis.
860 2733 995 2778 quibus

286 2789 418 2824 dilatio
461 2790 551 2824 data
592 2790 727 2834 fuerat,
769 2794 855 2835 post
896 2790 994 2826 diem

1090 260 1254 305 positum
1276 261 1478 297 redeuntes
1498 261 1535 296 in
1555 262 1633 297 suis
1653 263 1802 298 honori-

1091 317 1160 352 bus
1197 322 1448 363 susceperunt
1483 319 1534 353 IV
1570 320 1624 362 15,
1660 319 1719 362 263
1755 321 1801 362 cf.

1092 375 1143 409 III
1168 376 1225 418 33,
1253 375 1306 410 19.
1333 377 1389 418 37,
1415 376 1470 410 25.
1497 376 1576 420 240,
1603 376 1634 411 2.
1661 376 1802 421 baptis-

1091 443 1191 467 mum
1215 432 1277 468 vel
1298 443 1321 467 a
1343 433 1533 468 damnatis
1557 434 1618 469 vel
1642 444 1666 469 a
1688 434 1801 469 sociis

1091 500 1220 524 eorum
1261 490 1435 534 quamvis
1475 490 1568 526 foris
1609 491 1645 525 in
1685 491 1801 527 schis-

1090 550 1190 581 mate
1241 547 1371 581 datum
1422 547 1637 583 rescindere
1687 551 1801 592 atque

1090 603 1227 638 iterare
1254 614 1329 638 non
1357 604 1440 639 ausi
1467 608 1555 639 sunt
1582 604 1634 638 111
1659 605 1716 648 37,
1742 605 1800 648 293

1090 660 1136 700 cf.
1169 661 1225 703 33,
1261 661 1314 696 19.
1350 661 1401 695 IV
1436 661 1490 705 15,
1523 661 1579 696 28.
1613 665 1802 706 quotquot

1089 716 1392 761 baptizaverunt,
1440 718 1504 763 qui
1553 729 1638 753 cum
1687 719 1800 754 Maxi-

1090 774 1213 809 miano
1247 775 1590 819 communicabant,
1623 787 1646 810 a
1677 776 1801 811 Dona-

1089 827 1188 866 tistis
1237 832 1380 876 recepti
1429 836 1518 867 sunt
1565 843 1686 877 neque
1735 833 1800 867 ulli

1088 887 1277 932 baptisma
1314 893 1374 924 est
1410 890 1612 933 repetitum
1653 890 1683 923 lI
1723 890 1800 933 147,

1089 945 1142 979 10.
1176 946 1253 989 148,
1284 947 1320 981 3:
1354 946 1400 986 cf.
1434 946 1485 980 III
1519 946 1597 991 240,
1629 947 1661 990 4,
1694 947 1800 982 velut

1088 1012 1183 1046 quos
1222 1002 1436 1038 Felicianus
1475 1003 1697 1048 baptizavit,
1736 1005 1799 1049 qui

1088 1059 1205 1094 multo
1258 1063 1427 1104 tempore
1477 1071 1562 1095 cum
1612 1061 1798 1096 scelerato

1086 1116 1313 1166 Maximiano
1388 1118 1694 1153 communicabat
1766 1119 1798 1153 II

1087 1173 1164 1216 247,
1197 1174 1320 1208 1—18.
1351 1175 1429 1218 417,
1461 1175 1516 1209 27.
1547 1175 1626 1219 611,
1657 1175 1688 1210 2.
1720 1176 1799 1213 612.

1086 1231 1140 1265 25.
1182 1231 1261 1267 614.
1304 1231 1358 1266 27.
1400 1232 1480 1276 618,
1523 1232 1577 1267 21.
1620 1232 1798 1277 baptismi

1086 1299 1186 1332 aqua
1228 1288 1291 1322 illa
1335 1299 1411 1324 non
1454 1289 1671 1324 Maximiani
1716 1290 1798 1328 fuit,

1086 1345 1185 1379 unde
1238 1345 1463 1381 Donatistae
1516 1357 1555 1381 se
1609 1357 1684 1382 non
1735 1347 1797 1381 ab-

1086 1403 1302 1437 stinuerunt
1346 1403 1380 1437 II
1424 1404 1503 1441 617.
1550 1404 1719 1448 11—619,
1763 1405 1796 1440 3.

1083 1459 1309 1495 Donatistae
1327 1471 1365 1495 se
1383 1461 1418 1495 in
1435 1461 1657 1496 Maximiani
1679 1472 1794 1497 causa

1084 1517 1400 1561 inexplicabiliter
1436 1519 1729 1563 implicaverunt
1764 1518 1796 1554 II

1084 1575 1163 1617 630,
1187 1575 1240 1609 15.
1262 1585 1347 1609 cum
1369 1575 1415 1610 de
1439 1586 1554 1610 causa
1580 1576 1795 1611 Maximiani

1085 1636 1348 1676 urguerentur,
1373 1642 1437 1667 ore
1464 1643 1531 1667 suo
1558 1633 1683 1668 coacti
1709 1638 1797 1668 sunt

1084 1688 1256 1723 confiteri
1284 1699 1352 1724 nec
1380 1699 1534 1724 causam
1561 1701 1699 1725 causae
1726 1702 1794 1725 nec

1083 1755 1282 1789 personam
1316 1757 1500 1790 personae
1535 1748 1796 1792 praeiudicare

1083 1802 1135 1836 III
1169 1803 1246 1846 240,
1281 1804 1337 1846 103
1371 1804 1417 1845 cf.
1451 1804 1529 1847 240,
1565 1805 1618 1839 10.
1653 1805 1730 1848 241,
1764 1806 1794 1839 7.

1082 1860 1257 1895 occultae
1299 1860 1360 1896 (lei
1404 1861 1668 1905 providentiae
1713 1862 1795 1899 fuit.

1083 1921 1125 1950 ut
1150 1917 1187 1951 in
1213 1927 1331 1952 causa
1356 1918 1572 1953 Maximiani
1599 1919 1794 1963 speculum

1082 1973 1294 2009 Donatistis
1334 1976 1581 2010 correctionis
1621 1976 1794 2020 propina-

1083 2035 1184 2065 retur
1210 2031 1243 2065 11
1268 2032 1347 2075 617,
1373 2032 1403 2066 2.
1428 2033 1506 2075 624,
1532 2033 1586 2067 28.
1614 2033 1795 2068 Africana

1082 2088 1244 2123 ecclesia
1310 2089 1371 2123 vel
1436 2090 1666 2125 auctoritate
1733 2091 1793 2125 vel

1081 2155 1236 2180 numero
1274 2146 1385 2191 longe
1422 2147 1542 2181 minor
1579 2151 1661 2182 erat
1695 2158 1793 2181 com-

1082 2206 1215 2246 parata
1247 2203 1384 2239 ceteris
1418 2203 1643 2239 Christianis
1677 2204 1793 2239 omni-

1080 2259 1149 2293 bus
1187 2260 1365 2305 gentibus
1403 2271 1514 2305 quam
1553 2272 1640 2305 pars
1678 2262 1791 2296 Maxi-

1080 2317 1193 2351 miani
1228 2322 1449 2362 comparata
1483 2319 1579 2363 parti
1613 2319 1790 2353 Primiani

1081 2374 1111 2407 ll
1146 2375 1220 2409 108.
1252 2375 1304 2409 15.

1033 2448 1404 2493 Maximianus,
1430 2450 1632 2494 episcopus
1658 2450 1790 2494 Bagai-

1079 2505 1191 2549 cnsis.
1220 2510 1257 2540 et
1287 2507 1367 2541 eius
1397 2507 1514 2542 frater
1543 2507 1740 2542 s'astorius
1769 2519 1789 2541 a

1080 2562 1219 2597 Donati
1247 2568 1352 2607 parte
1381 2564 1573 2607 fugientes
1598 2564 1645 2598 ab
1672 2564 1789 2599 ecclc-

1080 2619 1135 2653 sia
1174 2621 1364 2655 catholica
1403 2625 1511 2655 erant
1549 2622 1717 2666 suscepti
1756 2621 1788 2655 Il

1079 2677 1158 2716 243,
1198 2678 1250 2712 18.
1291 2678 1368 2721 244,
1410 2679 1461 2713 13.
1502 2678 1556 2711 21.
1599 2678 1663 2713 sed
1704 2688 1787 2713 cum

1079 2733 1327 2768 Maximianus
1383 2734 1431 2770 ob
1487 2735 1594 2769 varia
1650 2736 1784 2770 incom-

1078 2791 1190 2826 moda
1223 2791 1272 2826 ab
1305 2792 1528 2836 episcopatu
1564 2802 1604 2828 se
1637 2792 1787 2828 abdica-
