2078 3054
294 165 372 207 188

335 307 410 331 non
442 296 628 331 videmus.
661 296 697 330 111
727 298 911 340 quantum
940 294 1049 329 dissi-

335 355 441 389 miles
472 364 602 388 sumus
633 354 666 388 11
698 355 775 397 438,
807 353 863 389 18:
895 353 941 394 cf.
971 353 1049 395 439,

335 413 367 447 8.
400 413 450 447 ad
483 412 688 447 videndum
724 412 835 447 deum
869 422 935 456 per
968 411 1049 446 eius

334 470 516 506 auxilium
552 480 616 505 cor
651 470 831 505 mundum
868 469 1049 505 debemus

337 538 563 573 praeparare
602 528 655 562 III
693 529 772 569 331,
810 528 846 570 83
885 529 931 568 cf.
970 527 1049 572 323,

335 587 367 621 8.
406 586 485 627 327,
525 587 556 621 7.
597 586 660 631 qui
700 586 811 621 deum
851 585 1049 629 videbunt,

336 645 448 679 sicuti
488 649 558 688 est,
598 655 674 680 non
713 644 763 679 ob
803 644 906 680 aliud
945 644 1049 679 vide-

336 704 440 748 bunt,
463 703 536 738 nisi
559 703 650 748 quia
669 703 813 738 mundo
828 707 917 738 sunt
932 703 1046 738 corde

336 761 387 795 ΙΙΙ
436 761 517 800 302,
568 761 622 796 16.
675 761 712 796 111
763 761 848 806 ipsa
897 771 1049 806 quoque

335 819 613 855 resurrectione
676 830 752 854 non
816 819 929 855 facile
991 823 1049 855 est

334 878 445 912 deum
474 878 606 913 videre
636 877 709 912 nisi
740 877 810 922 his,
840 878 903 923 qui
934 878 1049 914 corde

335 935 410 970 sint
443 936 584 971 mundo
618 936 786 980 (Ambr.)
819 937 871 971 III
904 937 983 981 291,
1016 937 1049 972 7.

333 994 413 1037 301,
453 994 510 1037 1ος
549 995 595 1035 cf.
633 995 713 1037 323,
750 995 806 1030 23.
845 995 883 1030 in
920 995 1048 1031 futuro

335 1055 500 1095 saeculo,
549 1055 613 1099 qui
652 1065 811 1100 regnum
849 1054 1047 1098 accepturi

335 1117 434 1156 sunt,
473 1113 575 1158 quod
615 1113 668 1148 eis
708 1112 756 1148 ab
795 1113 902 1148 initio
943 1123 1048 1158 prae-

334 1175 508 1216 paratum
537 1175 606 1215 est,
633 1182 766 1206 omnes
794 1172 905 1207 deum
934 1172 1049 1207 corde

335 1230 475 1265 mundo
528 1229 715 1265 videbunt
767 1240 837 1265 nec
892 1230 929 1264 in
984 1230 1048 1265 illo

334 1298 452 1333 regno
490 1288 562 1322 nisi
600 1288 697 1323 tales
734 1293 846 1323 erunt
882 1288 934 1323 ΙΙΙ
970 1289 1048 1326 297.

335 1345 390 1380 20.
416 1356 486 1381 nec
511 1345 549 1380 in
574 1346 659 1381 loco
686 1346 780 1382 deus
804 1347 957 1382 videtur
983 1347 1049 1382 sed

333 1407 474 1443 mundo
518 1398 632 1441 corde
674 1416 744 1441 nec
787 1404 1049 1450 corporalibus

333 1464 453 1499 oculis
501 1465 594 1500 deus
642 1465 838 1509 quaeritur
883 1463 1068 1508 (Ambr.)l

334 1522 388 1557 III
415 1523 493 1567 291,
523 1524 575 1558 14.
600 1523 678 1567 318,
707 1523 759 1558 13.
785 1522 863 1567 320,
890 1522 943 1557 16.
967 1522 1046 1566 329,

333 1582 373 1616 3.Γ
389 1581 468 1618 342,
492 1582 547 1615 21.
571 1580 743 1616 nonnulli
766 1581 941 1616 volentes
965 1591 1049 1625 pro-

333 1639 423 1674 bare
452 1640 567 1675 etiam
595 1640 730 1684 impios
757 1639 910 1674 visuros
937 1639 1049 1674 deum

334 1709 357 1733 a
404 1697 557 1732 diabolo
606 1708 757 1743 quoque
805 1697 888 1743 ipso
936 1698 1049 1733 deum

333 1757 458 1791 visum
491 1759 628 1801 putant
659 1756 713 1790 III
743 1757 822 1799 287,
857 1756 914 1799 123
947 1756 1048 1801 quod

334 1828 410 1852 non
448 1817 500 1852 ita.
537 1827 621 1852 esse
658 1815 850 1851 Ambrosii
885 1815 1049 1851 auctori-

335 1880 414 1912 tate
442 1876 689 1911 confirmatur
715 1874 767 1909 III
794 1874 873 1919 298,
900 1874 1050 1918 7—-299,

336 1935 389 1969 13.

382 1992 511 2026 Donec
572 1992 746 2036 diligenti
804 1991 1050 2035 inquisitione

335 2050 557 2094 reperiatur.
584 2050 674 2094 quid
700 2050 909 2084 secundum
935 2050 1050 2094 scrip·

334 2111 440 2142 turas
472 2108 519 2142 de
552 2108 712 2152 spiritali
745 2118 916 2152 corpore,
948 2107 1050 2152 quod

336 2168 372 2203 in
396 2169 676 2204 resurrectione
699 2169 944 2213 promittitur,
969 2179 1051 2204 sen-

334 2231 506 2266 tiendum
544 2231 604 2271 sit,
640 2230 792 2264 interim
828 2229 937 2263 nobis
973 2227 1048 2263 suf-

334 2291 449 2341 ficiat,
506 2290 608 2335 quod
664 2289 883 2335 unigenit-us
939 2288 1051 2331 filius,

336 2353 448 2387 homo
488 2351 661 2386 Christus
699 2351 818 2394 Iesus,
854 2350 907 2384 ita
944 2349 1051 2384 videt

338 2416 495 2456 patrem.
539 2411 638 2446 sicut
680 2411 834 2446 videtur
875 2422 897 2445 a
941 2414 1049 2455 patre

337 2473 387 2507 III
415 2473 495 2516 326,
524 2472 583 2515 2ος
613 2472 659 2513 cf.
687 2473 768 2515 518,
798 2472 850 2506 14.
879 2471 1050 2516 corporis

340 2534 458 2578 ipsius
512 2533 656 2568 domini
711 2532 909 2568 clarificati
965 2532 1049 2567 sub-

338 2594 479 2630 stantia
520 2604 596 2629 non
638 2593 779 2638 poterit
818 2592 950 2627 videre
989 2590 1050 2626 dei

339 2655 604 2690 substantiam.
647 2653 741 2688 dicit
784 2652 955 2688 Evodius
997 2651 1049 2686 Ill

337 2716 416 2758 509,
449 2716 506 2754 152
539 2715 637 2749 idem
670 2718 800 2749 censet
832 2714 876 2748 A.
907 2713 942 2747 II
972 2713 1051 2755 440,

338 2778 370 2810 8.
402 2776 481 2820 441,
515 2776 569 2810 15.
602 2775 654 2809 III
686 2775 766 2813 509,
800 2775 854 2809 17.
885 2774 965 2818 518,
997 2774 1051 2807 14.

339 2847 422 2871 cum
451 2841 486 2871 et
514 2837 609 2871 deus
636 2840 746 2880 pater
772 2835 905 2871 videat
931 2834 1047 2870 filium

961 179 1101 214 Index
1131 179 1174 214 V.

1135 299 1173 330 et
1216 295 1314 330 filius
1358 299 1515 340 patrem,
1558 295 1690 340 procul
1732 295 1846 330 (lubio

1133 364 1209 389 non
1237 357 1326 388 sunt
1352 354 1544 398 audiendi,
1572 354 1635 399 qui
1660 354 1848 389 visionem

1133 412 1268 447 nolunt
1307 411 1472 447 tribuere
1512 412 1585 447 nisi
1624 412 1847 457 corporibus

1133 469 1187 504 III
1217 470 1299 513 325,
1333 470 1388 505 15.
1422 470 1556 505 dicunt
1590 471 1744 516 quidam
1778 481 1848 506 nos

1132 528 1245 563 deum
1283 528 1415 564 videre
1455 539 1554 564 nunc
1594 533 1719 565 mente
1758 533 1846 564 tunc

1132 595 1305 630 corpore,
1330 587 1438 622 itaut
1455 587 1571 622 etiarn
1597 588 1736 632 impios
1760 599 1845 623 eum

1132 644 1215 688 pari
1241 645 1353 680 modo
1380 646 1611 680 adseverent
1637 656 1721 681 esse
1746 646 1848 681 visu-

1133 712 1195 737 ros
1246 702 1280 737 II
1330 703 1409 739 440.
1458 704 1491 738 3.
1543 703 1713 738 divinam
1764 704 1848 739 sub-

1133 761 1313 795 stantiam
1352 761 1384 795 si
1419 761 1519 796 oculi
1555 762 1775 806 corporales
1811 763 1848 798 in

1132 818 1411 854 resurrectione
1454 819 1705 865 conspicient,
1744 821 1848 856 vide-

1133 876 1218 920 rint,
1248 877 1311 922 qui
1341 877 1412 912 hoc
1443 882 1606 923 possunt
1634 879 1848 917 adstruere:

1133 934 1177 969 A.
1203 945 1272 970 nec
1299 936 1337 971 in
1363 935 1446 980 ipsa
1470 932 1751 973 resurrectione
1776 939 1847 973 hoc

1132 993 1395 1038 corporalibus
1433 995 1555 1030 0011118
1594 997 1661 1031 sed
1698 996 1848 1031 mundis

1132 1053 1311 1089 cordibus
1337 1052 1452 1089 tribui
1477 1057 1587 1100 putat
1611 1054 1664 1089 III
1686 1055 1768 1099 323,
1792 1054 1847 1090 21.

1132 1112 1195 1146 1811
1233 1116 1388 1147 nostrae
1426 1112 1552 1148 carnis
1587 1113 1690 1148 oculi
1725 1124 1849 1159 neque

1132 1180 1232 1205 nunc
1267 1174 1429 1215 possunt
1460 1181 1585 1216 neque
1618 1175 1709 1207 tunc
1744 1176 1849 1217 pote-

1132 1231 1222 1263 runt
1248 1229 1360 1264 deum
1388 1229 1520 1265 videre
1549 1230 1602 1265 III
1628 1230 1708 1275 325,
1735 1231 1771 1274 33
1801 1231 1848 1272 cf.

1133 1286 1167 1320 II
1199 1287 1278 1330 438,
1308 1288 1341 1322 3.
1374 1287 1427 1322 III
1457 1288 1537 1331 331,
1571 1289 1672 1323 1—6.
1703 1290 1783 1333 332,
1816 1290 1848 1324 7.

1131 1344 1213 1388 333,
1250 1345 1304 1379 11.
1339 1346 1420 1389 334,
1457 1346 1487 1380 1.
1525 1346 1580 1381 10.
1614 1347 1695 1391 336,
1732 1347 1775 1382 18
1811 1351 1849 1382 et

1132 1402 1212 1446 342,
1242 1403 1287 1437 22
1314 1403 1491 1448 (Ambra).
1520 1405 1601 1448 337,
1632 1405 1676 1439 12
1704 1408 1742 1440 et
1769 1406 1848 1449 339,

1132 1463 1177 1498 20
1221 1463 1371 1507 (Hier).
1430 1474 1507 1499 non
1554 1464 1676 1499 solum
1725 1464 1847 1508 patris

1132 1521 1376 1557 divinitatem
1412 1523 1479 1558 sed
1513 1533 1559 1558 ne
1592 1521 1658 1557 filii
1692 1522 1845 1568 quidem

1133 1590 1203 1615 nec
1226 1580 1384 1624 spiritus
1411 1580 1534 1615 sancti
1550 1585 1725 1625 possunt
1746 1580 1846 1615 oculi

1133 1638 1257 1673 carnis
1286 1639 1458 1683 aspicere
1487 1639 1554 1674 sed
1582 1639 1683 1674 oculi
1710 1639 1848 1674 mentis

1132 1695 1273 1741 (Hier.)
1303 1697 1357 1743 111
1387 1698 1467 1741 330,
1497 1698 1528 1732 9.
1556 1697 1721 1741 339,-18.
1752 1698 1846 1732 deus

1136 1764 1276 1799 corpus
1331 1765 1407 1790 non
1462 1759 1522 1790 est
1575 1766 1643 1791 nec
1700 1755 1842 1800 aliquid

1132 1815 1254 1850 oculis
1307 1815 1501 1860 corporeis
1553 1814 1656 1849 cerni
1710 1817 1848 1859 potest.

1133 1873 1205 1908 nisi
1239 1874 1341 1918 quod
1374 1873 1535 1909 alicuius
1570 1872 1761 1908 intervalli
1796 1873 1848 1907 in-

1133 1932 1383 1976 terpositione
1420 1935 1610 1975 cernatur,
1646 1932 1683 1966 id
1721 1935 1847 1966 autem

1134 2003 1210 2028 non
1243 1992 1316 2027 nisi
1350 2002 1490 2040 corpus
1522 1997 1579 2028 est
1614 1991 1668 2025 III
1702 1992 1781 2035 519,
1813 1992 1846 2026 3.

1132 2053 1245 2088 deum
1275 2051 1536 2096 corporalibus
1567 2050 1689 2085 oculis
1720 2049 1849 2084 invisi—

1133 2112 1245 2148 bilem
1287 2122 1371 2148 esse
1411 2115 1561 2156 patrum
1602 2110 1848 2145 confirmatur

1133 2173 1381 2215 auctoritate,
1447 2171 1648 2213 Ambrosii,
1718 2170 1848 2205 Hiero-

1134 2233 1248 2277 nymi,
1302 2232 1516 2276 Athanasii,
1569 2231 1743 2276 Gregorii
1797 2230 1847 2265 Ill

1134 2293 1213 2337 291,
1249 2293 1302 2328 14.
1336 2293 1417 2336 300,
1454 2293 1493 2327 11
1530 2293 1576 2328 αῖ.
1614 2292 1668 2327 19.
1702 2292 1782 2334 330,
1816 2292 1848 2326 8.

1132 2354 1212 2398 339,
1249 2354 1302 2388 18.
1338 2353 1416 2391 340,
1454 2353 1485 2387 8.
1523 2352 1579 2389 16:
1617 2352 1663 2392 cf.
1698 2350 1777 2390 332,
1814 2350 1845 2384 7.

1132 2413 1212 2454 333,
1249 2412 1302 2446 11.
1337 2411 1417 2454 334,
1454 2410 1508 2444 10.
1542 2409 1623 2452 339,
1658 2408 1712 2443 14.
1747 2411 1848 2447 sunt,

1133 2473 1196 2517 qui
1226 2481 1304 2510 eos,
1333 2471 1397 2516 qui
1426 2470 1474 2505 ad
1503 2470 1622 2505 vitam
1653 2471 1847 2504 aeternam

1134 2536 1345 2577 resurgent,
1405 2531 1520 2566 etiam
1582 2540 1649 2575 per
1709 2539 1847 2573 corpus

1133 2594 1246 2628 deum
1286 2591 1438 2626 visuros
1478 2591 1627 2634 putant,
1667 2587 1846 2632 quoniam

1133 2653 1247 2688 talem
1279 2654 1431 2697 sperant
1464 2649 1652 2694 spiritalis·
1676 2646 1847 2692 corporis

1134 2713 1368 2758 qualitatem.
1400 2715 1442 2746 ut
1475 2710 1589 2746 etiam
1622 2709 1717 2754 ipsa,
1749 2716 1846 2753 quae

1134 2783 1222 2809 caro
1251 2773 1386 2815 fuerat,
1414 2771 1570 2816 spiritus
1595 2770 1663 2805 fiat>
1688 2769 1741 2804 III
1766 2768 1847 2812 324,

1135 2834 1193 2876 193
1226 2834 1272 2874 cf.
1303 2833 1383 2877 333,
1416 2832 1541 2867 2-25,
1574 2831 1606 2867 si
1637 2833 1747 2867 tanta
1776 2828 1847 2865 erit
