2078 3054
286 150 370 192 316

334 278 506 323 veniunt,
557 289 653 323 quae
693 277 898 313 carnaliter
939 277 1042 313 audi—

333 347 426 376 mus.
456 336 510 373 eis
537 336 630 380 ipsis
658 336 846 371 admoniti
874 335 1044 371 ineffabi-

332 394 418 429 litcr
449 394 637 437 spiritalia
665 394 878 439 cogitemus
904 393 940 428 II
965 393 1042 428 717.

333 453 363 486 7.
410 452 624 495 scripturae
661 462 730 487 nos
767 456 924 496 paratos
959 461 1043 487 esse

332 510 462 545 iubent
485 509 715 554 temporalia
739 509 922 544 scandala
946 509 1043 545 ferre

331 572 368 603 et
418 567 611 602 hominum
662 567 851 603 maledica
898 567 1043 602 vanilo-

331 626 421 671 quia
460 626 777 671 suspicionesque
819 625 1043 661 temerarias

332 689 369 719 et
410 683 594 719 malarum
635 683 852 728 linguarum
895 684 1042 720 detrac-

331 742 456 777 tiones
494 742 569 777 alia
609 741 707 777 mala
747 742 858 777 huius
900 741 1042 777 saeculi

332 799 366 834 II
395 800 473 845 329,
505 800 535 835 8.
565 800 643 844 330,
676 800 704 834 1.
734 799 814 843 331,
843 800 875 835 5.
905 799 983 844 338,
1013 799 1042 834 1.

330 858 408 899 339,
440 858 491 893 18.

377 915 435 951 Ad
471 926 527 961 ea,
565 926 663 962 quae
698 915 920 952 necessaria
954 919 1040 950 sunt

331 974 458 1013 saluti.
498 984 575 1009 non
612 978 723 1009 tanta
760 974 800 1009 in
840 973 1042 1018 scripturis

331 1032 555 1075 pervenitur
597 1032 826 1068 difficultate
868 1031 923 1066 III
966 1031 1042 1075 100,

329 1090 360 1125 2.
423 1090 560 1126 modus
610 1090 691 1135 ipse
739 1090 905 1134 dicendi,
967 1100 1041 1135 quo

331 1153 466 1184 sancta
542 1148 734 1192 scriptura
812 1148 1042 1192 contexitur,

330 1217 443 1252 quam
530 1207 706 1242 omnibus
795 1206 1043 1247 accessibilis.

329 1265 503 1308 quamvis
569 1264 809 1308 paucissimis
874 1267 1045 1308 penetra-

330 1321 430 1357 bilis!
485 1321 540 1356 III
581 1322 659 1367 122,
701 1322 754 1356 10.
807 1322 872 1367 qui
909 1331 1043 1356 omnes

330 1390 490 1426 magnas
533 1379 809 1424 scripturarum
852 1379 1043 1425 quaestio-

329 1448 398 1474 nes
430 1442 530 1483 ante,
563 1449 675 1484 quam
709 1438 758 1474 sit
790 1437 1063 1481 Christianus„

329 1495 436 1531 finire
486 1496 643 1541 cogitat,
694 1506 895 1540 perparum
944 1495 1045 1540 cogi-

329 1558 386 1590 tat
420 1554 685 1590 condicionem
719 1554 940 1589 humanam:
976 1552 1043 1588 sed

330 1612 444 1655 plane
474 1615 625 1648 retenta
652 1612 723 1647 iam
754 1611 828 1647 fide
858 1611 908 1647 ad
937 1622 1044 1647 exer—

330 1669 491 1705 cendam
567 1670 668 1714 piam
745 1669 1063 1705 delectationem!

328 1728 513 1763 mentium
554 1728 721 1764 fidelium
761 1727 1042 1763 studiosissime

331 1790 419 1821 sunt
456 1786 709 1832 requirendae
748 1785 783 1820 ΙΙ
819 1785 898 1830 578,
936 1786 967 1821 7.
1006 1785 1063 1824 in.

331 1844 533 1890 scripturis
565 1855 663 1880 unus
692 1848 880 1880 tractator
912 1854 1045 1880 secun-

330 1903 420 1938 ‹lum
453 1903 614 1938 eandem
646 1902 758 1938 fidem
788 1902 900 1938 aliter
928 1898 1064 1947 atque}

331 1960 442 1996 aliter
473 1960 636 1996 eundem
666 1960 791 1995 locum
823 1964 951 2004 potest
981 1970 1042 1995 ex-

332 2028 487 2062 ponere,
513 2018 602 2063 quia
626 2018 695 2053 hoc
722 2018 804 2053 eius
829 2012 1065 2064 obscuritas,

332 2076 478 2119 patitur
506 2075 541 2109 II
565 2076 643 2120 386,
670 2076 700 2111 8.
726 2076 864 2111 debere
890 2086 929 2111 se
954 2074 1064 2114 scri-3

330 2133 384 2169 bit
433 2133 477 2169 A.
523 2133 735 2178 scripturas
781 2144 913 2169 omnes
961 2132 1064 2177 per?

332 2191 494 2227 scrutari
533 2196 571 2227 et
610 2192 756 2227 orando
795 2202 840 2227 ac
879 2191 1043 2237 legendo

331 2261 457 2293 agere.
497 2254 535 2285 ut
576 2250 713 2284 idonea
754 2250 927 2284 valitudo
966 2248 1064 2297 ani-¹

332 2319 414 2343 mae
445 2318 535 2343 suae
565 2307 613 2343 ad
645 2307 948 2343 ecclesiasticum
978 2307 1064 2342 mi-*

333 2366 530 2401 nis-terium
566 2366 756 2401 tribuatur
788 2365 803 2399 I
839 2366 892 2409 51,
926 2366 958 2400 4.
989 2364 1064 2416 52„

332 2424 363 2458 8.
386 2424 443 2459 15:
468 2434 553 2458 nam
579 2423 617 2459 in
641 2423 736 2468 ipsis
759 2423 902 2458 sanctis
927 2419 1064 2469 scrip-¹}

332 2481 428 2517 turis
476 2481 594 2517 multo
646 2492 685 2517 se
734 2481 883 2517 nescire
933 2480 1064 2531 plura}

332 2551 443 2584 quam
482 2539 578 2576 scire
614 2539 650 2573 ΙΙ
684 2540 762 2579 212,
800 2540 853 2574 14.
886 2538 1065 2597 Orosi11s[

332 2598 379 2633 ad
415 2597 458 2632 A.
494 2598 540 2632 ab
573 2597 709 2632 ultima
741 2597 928 2641 Hispania
963 2596 1064 2632 solo*

333 2658 550 2691 sanctarum
591 2655 867 2699 scripturarum
907 2655 1045 2690 ardore

333 2714 550 2748 flammatus
588 2713 748 2748 advenit
784 2712 839 2747 ΙΙΙ
873 2712 953 2751 621,
993 2712 1065 2747 13.1

289 2769 585 2815 Scythicae
613 2770 739 2805 undae
769 2770 949 2807 191.14.

288 2827 684 2872 Scythopolita
715 2838 749 2863 v.
783 2828 970 2864 Asterius.

959 163 1097 198 Index
1126 163 1170 198 V.

1084 276 1451 314 Sebastianus
1478 280 1702 316 monasterii
1726 282 1843 317 abbas

1131 336 1249 372 fuisse
1291 336 1444 372 videtur
1484 337 1536 372 IV
1574 338 1652 383 591,
1690 339 1722 374 5.
1761 339 1843 374 eius

1131 399 1287 430 sanctos
1321 404 1447 430 mores
1485 399 1600 441 atque
1639 396 1844 442 conloquia

1132 451 1174 487 A.
1206 452 1362 488 assidue
1395 453 1585 489 rrn‘tlebat
1618 453 1671 487 IV
1701 454 1780 499 589,
1812 455 1843 489 8.

1131 520 1152 544 a
1193 520 1268 554 quo
1309 520 1394 545 cum
1436 511 1638 555 epistulam
1678 512 1847 556 accepis-

1131 571 1190 602 set
1212 567 1263 602 IV
1286 568 1365 613 589,
1390 569 1440 613 11,
1466 569 1667 612 respondit
1690 578 1748 613 ep.
1764 569 1843 614 248,

1130 625 1168 660 in
1208 636 1284 672 qua
1324 625 1488 671 Alypius
1528 637 1679 672 quoque
1719 637 1844 672 pauca

1130 683 1336 729 adscripsit
1358 684 1410 718 IV
1432 684 1512 729 2591,
1537 685 1592 719 10.

1083 740 1431 777 secundinus
1473 743 1676 788 presbyter
1717 743 1754 778 in
1798 754 1842 778 eo

1129 803 1213 834 erat
1258 803 1299 834 ut
1344 811 1366 835 a
1413 799 1843 837 *sicrmaniciauensibus

1129 857 1175 893 de
1211 857 1433 893 criminibus«
1469 858 1698 904 quibusdam
1735 869 1844 894 accu-

1130 920 1280 951 saretur
1345 920 1460 961 atque
1526 917 1641 952 etiam
1707 917 1843 952 (lomus

1130 974 1212 1009 eius
1279 978 1510 1009 vastaretur.
1589 975 1691 1020 quod
1758 984 1842 1009 cum

1131 1031 1343 1067 Pancarius
1399 1031 1465 1073 A„
1498 1032 1730 1077 scripsisset,
1786 1033 1841 1077 A„

1128 1090 1220 1135 quid
1253 1089 1334 1126 fleri
1368 1090 1495 1135 vellet,
1529 1091 1729 1134 rescripsit
1762 1091 1844 1126 bre-

1128 1148 1290 1183 vissima
1321 1158 1381 1193 ep.
1412 1148 1490 1184 251.

1083 1205 1365 1241 Secundus
1405 1216 1542 1242 nomen
1584 1211 1640 1242 est
1681 1206 1842 1242 duorum

1129 1264 1412 1308 episcoporum,
1474 1264 1539 1309 qui
1590 1265 1626 1299 in
1680 1265 1842 1300 concilio

1130 1321 1355 1358 Milevitano
1383 1321 1592 1357 adfuerunt
1621 1321 1673 1356 111
1703 1323 1783 1363 663.
1811 1322 1843 1357 6.

1129 1380 1208 1424 664,
1243 1380 1273 1415 1.
1307 1390 1353 1415 ex
1385 1379 1523 1425 quibus
1557 1380 1740 1415 alteruter
1773 1380 1847 1416 for-

1129 1440 1234 1473 tasse
1257 1438 1331 1473 fuit
1353 1437 1414 1473 ille

1083 1494 1364 1531 Secundus
1401 1495 1620 1541 episcopus,
1657 1495 1723 1541 qui
1760 1496 1844 1531 sub-

1129 1553 1285 1597 scripsit
1333 1553 1474 1590 litteris
1523 1554 1571 1589 ad
1621 1552 1843 1589 Gallicanos

1129 1611 1332 1656 episcopos
1362 1612 1401 1646 in
1431 1621 1550 1646 causa
1576 1611 1716 1656 Lepori
1745 1611 1846 1646 datis

1133 1669 1206 1714 (ep.
1234 1669 1317 1714 219)
1348 1668 1402 1704 IV
1427 1669 1506 1714 428,
1536 1669 1567 1704 8.

1082 1726 1105 1760 S
1121 1737 1140 1762 e
1156 1736 1174 1761 c
1191 1738 1215 1761 u
1230 1738 1253 1762 n
1268 1727 1292 1762 d
1308 1738 1330 1762 u
1346 1737 1363 1762 s
1413 1727 1652 1772 Tigisitanus
1704 1727 1841 1772 agebat

1130 1784 1169 1820 in
1198 1784 1381 1820 Numidia
1409 1785 1616 1829 primatum
1659 1784 1695 1819 II
1723 1785 1777 1828 87,
1808 1785 1842 1819 7:

1131 1843 1177 1885 cf.
1217 1843 1272 1887 90,
1312 1843 1366 1879 27.
1408 1843 1484 1888 155,
1522 1843 1554 1878 9.
1592 1843 1672 1887 409,
1712 1843 1765 1878 18.
1805 1842 1841 1878 in

1131 1901 1294 1937 concilio
1321 1901 1361 1936 in
1389 1901 1502 1936 domo
1529 1901 1672 1937 Urbani
1701 1900 1844 1936 Donati

1131 1959 1261 1995 habito
1300 1962 1526 2003 praesentes
1567 1962 1606 1994 et
1645 1958 1843 1994 confessos

1130 2017 1337 2053 traditores
1374 2016 1527 2062 reliquit
1562 2017 1635 2052 deo
1674 2016 1843 2051 iudican-

1130 2074 1200 2110 dos
1232 2078 1271 2110 et
1301 2084 1368 2110 eos
1400 2074 1437 2109 in
1469 2073 1756 2118 episcopalibus
1787 2084 1843 2109 se-

1129 2132 1253 2177 dibus,
1282 2132 1396 2168 sicuti
1423 2136 1544 2177 erant,
1575 2142 1729 2167 manere
1760 2141 1843 2175 per-

1129 2190 1244 2235 misit,
1294 2200 1378 2225 cum
1429 2190 1566 2236 quibus
1617 2189 1842 2225 traditorem

1132 2248 1329 2284 Silvanum
1375 2248 1572 2284 ordinavit
1615 2247 1840 2292 episcopum

1130 2306 1165 2341 II
1196 2307 1251 2351 87,
1284 2307 1314 2342 7.
1349 2306 1427 2351 155,
1458 2305 1586 2350 7—-173
1620 2305 1667 2348 ct.
1700 2305 1754 2349 88,
1789 2305 1842 2340 17.

1129 2364 1184 2409 89,
1224 2365 1277 2400 13.
1312 2364 1415 2409 quod
1452 2374 1536 2399 cum
1572 2363 1729 2407 faceret,
1765 2372 1842 2397 non

1130 2422 1216 2466 paci
1253 2421 1490 2466 consulebat,
1525 2422 1592 2458 sed
1629 2421 1700 2456 sibi
1735 2421 1844 2456 time-

1129 2481 1208 2524 bat3
1247 2490 1410 2526 namque
1448 2479 1639 2515 obiectum
1677 2482 1759 2514 erat
1797 2478 1842 2521 ei,

1129 2538 1231 2584 quod
1264 2538 1381 2574 etiam
1415 2538 1508 2582 ipse,
1543 2547 1627 2572 cum
1662 2537 1843 2573 detentus

1130 2600 1232 2632 esset
1268 2607 1293 2632 a
1329 2599 1506 2631 curatore
1543 2599 1581 2630 et
1617 2594 1763 2638 ordine,
1801 2597 1841 2628 ut

1132 2654 1344 2698 scripturas
1385 2653 1566 2696 traderet,
1613 2646 1679 2687 aut
1723 2651 1842 2696 scrip-

1130 2716 1236 2747 turas
1270 2711 1431 2747 tradidit
1462 2715 1529 2746 aut
1563 2710 1663 2745 tradi
1696 2709 1842 2755 aliquid

1131 2769 1242 2804 iussit
1277 2769 1312 2803 ΙΙ
1346 2769 1401 2813 89,
1437 2769 1489 2803 14.
1526 2768 1578 2803 16.
1612 2768 1667 2812 92,
1701 2767 1760 2812 2ος
1795 2767 1841 2808 cf.

1132 2827 1188 2872 90,
1231 2826 1284 2862 17.
1324 2827 1379 2862 27.
1420 2826 1477 2871 93,
1519 2825 1572 2861 15.
1614 2825 1670 2871 99,
1711 2825 1744 2860 8.
1787 2824 1842 2859 13.
