2078 3054
900 170 1042 207 Index
1068 170 1142 205 III.
1717 159 1773 202 53

266 287 477 322 litterarum
513 286 814 322 consolat-ionem
848 285 1131 322 desideravisse
1166 286 1329 322 videtur.
1378 296 1490 331 quem
1525 296 1609 322 cum
1644 286 1772 333 Augu-

264 346 386 380 stinus
428 345 616 388 insignem
658 348 697 379 et
739 344 1112 388 praestantissimum
1154 343 1271 379 filium
1312 344 1492 388 appellet,
1536 344 1770 381 eximietatis

263 403 414 437 nomine
446 406 617 446 exornet,
650 401 904 446 periculosam
936 401 1208 436 sublimitatem
1241 406 1284 436 ut
1314 406 1462 446 caveat,
1495 402 1679 447 hortetur,
1711 407 1769 438 est

262 460 363 504 quod
387 460 433 494 de
460 459 689 503 magistratu
712 458 840 503 aliquo
863 459 1006 493 maiore
1031 459 1254 502 cogitemus.
1292 458 1439 503 Largus
1463 463 1589 494 autem
1613 460 1768 504 quidam

262 526 330 559 pro
364 516 520 551 consule
553 516 721 550 Africam
754 525 854 550 anno
887 517 954 550 418
986 520 1024 550 et
1054 516 1122 551 419
1154 515 1489 560 administrabat.²)
1532 517 1600 561 qui
1633 517 1664 551 si
1697 517 1769 551 fuit

263 573 335 611 ille,
361 574 408 609 ad
433 584 543 618 quen
569 574 662 608 data
685 577 742 608 est
767 573 934 616 epistula
958 573 1036 616 203,
1060 573 1157 608 lianc
1183 573 1386 617 epistulam
1415 584 1499 609 eum
1526 578 1592 608 aut
1621 574 1658 608 in
1685 574 1768 618 ipsa

260 631 427 665 muneris
463 631 797 665 administratione
835 635 901 665 aut
937 630 1052 674 paulo
1090 634 1179 674 post
1215 630 1456 672 desiderasse
1496 635 1534 666 et
1570 632 1766 675 accepisse

262 688 341 722 veri
365 693 425 723 est.
448 688 691 722 simillimum.

399 745 588 779 Dulcieius
619 745 793 780 tribunus
825 749 862 780 et
894 745 1066 780 notarius
1099 756 1183 780 cum
1216 746 1254 780 in
1290 745 1421 780 Africa
1452 750 1554 782 esset
1584 750 1766 781 executor

260 802 511 845 imperialium
554 802 763 837 iussionum
807 807 942 838 contra
982 802 1206 838 Donatistas
1246 803 1466 847 datarum,²)
1508 804 1765 849 Augustinum

259 859 422 903 rogavit.
461 864 500 893 ut
541 860 635 894 duas
675 859 858 904 epistulas
899 854 1110 903 Gaudenti,
1140 859 1441 904 Tamugadensis
1479 860 1767 895 Donatistarum

258 917 441 960 episcopi,
479 917 680 952 refelleret.
732 917 971 962 Augustinus
1008 921 1147 961 autem,
1185 918 1365 963 quoniam
1403 923 1482 953 tum
1516 919 1644 963 ipsum
1683 924 1765 954 era-t

257 974 588 1018 occupatissimus,
626 975 777 1009 interim
816 975 983 1018 epistula
1019 975 1088 1010 2⁰4
1128 975 1161 1010 ei
1201 975 1525 1020 subministrabat,
1565 987 1674 1021 quem
1716 977 1763 1011 ad

257 1032 409 1066 niodum
453 1043 537 1066 eum
580 1036 776 1075 oporteret
815 1032 1018 1067 haereticis
1060 1033 1304 1076 respondere.
1359 1033 1497 1069 deinde
1540 1033 1625 1068 illos
1666 1035 1763 1069 duos

192 1103 194 1105 >
256 1094 389 1123 contra
414 1088 670 1124 Gaudentium
698 1089 984 1124 Donatistarum
1015 1090 1239 1134 episcopum
1265 1090 1381 1125 libros
1407 1091 1637 1135 conscripsit
1662 1102 1762 1127 anno

256 1145 407 1181 circiter
435 1146 512 1181 420.
552 1146 666 1190 paulo
694 1146 810 1191 igitur
838 1147 1002 1190 epistula
1030 1147 1096 1182 204
1124 1148 1192 1182 hos
1219 1148 1334 1182 libros
1364 1149 1615 1193 antecessit.³)

394 1203 606 1247 Epistulam
646 1204 714 1239 205
753 1204 992 1249 Augustinus
1032 1205 1080 1240 ad
1124 1205 1372 1240 Consentium
1413 1206 1602 1250 quendam
1644 1207 1761 1249 dedit,

256 1271 364 1295 ouem
405 1270 444 1294 se
484 1261 638 1296 novisse
677 1271 799 1305 neque
839 1272 931 1296 vero
970 1273 1147 1306 umquam
1186 1262 1330 1297 vidisse
1369 1262 1585 1307 adfirmat‚⁴)
1625 1264 1762 1307 quippe

254 1316 316 1361 qui
348 1322 453 1351 trans
486 1328 588 1352 mare
622 1318 822 1362 habitaret,
853 1319 951 1353 sicut
982 1330 1028 1354 ex
1059 1330 1103 1355 eo
1137 1319 1268 1365 liquet,
1300 1321 1401 1364 quod
1433 1324 1491 1356 est
1520 1321 1559 1355 in
1590 1325 1760 1356 extrema

253 1375 432 1418 epistula:
470 1376 565 1410 Cum
601 1377 675 1410 ista
710 1376 906 1419 dictarem,
942 1378 1112 1422 perlator
1148 1379 1222 1412 iam
1263 1381 1418 1412 ventum
1455 1382 1666 1422 expectans
1702 1389 1760 1414 me

256 1432 508 1475 vehementer,
534 1436 577 1467 ut
603 1434 816 1478 naviyoret,
843 1435 1040 1478 urguebat.
1082 1435 1181 1469 hurle
1209 1434 1457 1470 Consentium
1486 1445 1569 1471 esse
1597 1437 1759 1471 eundem

251 1494 364 1533 atque
398 1489 514 1534 illum,
546 1491 594 1524 ad
626 1501 736 1534 quem
768 1490 1006 1536 Augustinus
1037 1492 1172 1527 librum
1208 1496 1343 1527 contra
1372 1480 1612 1528 mendacium
1645 1494 1759 1537 misit,

252 1557 326 1581 non
349 1547 429 1581 sine
451 1557 570 1582 causa
590 1548 810 1583 conieceris.
846 1559 931 1583 nam
954 1549 1012 1583 luc
1037 1549 1130 1584 liber
1152 1550 1242 1584 item
1265 1554 1371 1584 trans
1397 1561 1500 1586 mare
1524 1551 1663 1586 missus
1688 1556 1757 1594 est,

251 1603 285 1637 in
318 1603 541 1647 Hispaniam
576 1605 732 1648 scilicet,
762 1606 808 1640 de
839 1605 1012 1649 Hispana
1041 1606 1141 1642 enim
1173 1611 1231 1642 est
1263 1607 1639 1643 Priscillianistarum
1671 1609 1758 1644 liae-

250 1661 338 1703 resi;
367 1662 504 1697 deinde
533 1666 571 1697 et
597 1662 635 1696 in
665 1663 831 1706 epistula
859 1668 896 1698 et
924 1664 962 1698 in
988 1664 1084 1699 libro
1112 1664 1351 1709 Augustinus
1382 1665 1573 1700 scribendi
1603 1666 1757 1700 festina-

249 1718 389 1753 tionem
422 1724 580 1754 excusat
612 1720 744 1755 dicens
777 1721 1005 1763 perlatorem
1038 1722 1110 1756 iam
1146 1722 1331 1767 navigare
1364 1722 1580 1766 cupientem
1613 1723 1757 1758 diutius

248 1785 286 1809 se
306 1776 470 1811 retinere
490 1777 673 1819 noluisse,
688 1777 717 1822 ὃ)
739 1778 902 1823 denique
923 1783 960 1813 et
979 1779 1038 1813 liic
1058 1784 1095 1814 et
1118 1779 1192 1814 illic
1216 1780 1457 1823 Consentius,
1479 1781 1543 1825 qui
1565 1781 1754 1826 utrimque

247 1833 365 1868 frater
406 1834 678 1869 dileetissxmus
716 1835 777 1870 vel
817 1836 1037 1871 carissimus
1078 1837 1306 1881 appellatur,
1347 1837 1603 1882 Augustinum
1643 1849 1756 1884 quae—

249 1891 410 1925 stionum
454 1892 758 1937 scriptorumque
798 1893 1042 1929 multitudine
1082 1895 1258 1937 onerat.⁶)
1311 1905 1385 1939 quo
1425 1896 1551 1939 posito
1592 1897 1637 1931 de
1678 1897 1755 1940 epi-

248 1947 368 1982 stulae
399 1957 570 1991 tempore
598 1954 653 1984 est
683 1950 783 1994 quod
811 1951 980 1994 reperias
1008 1962 1052 1986 eo
1079 1951 1175 1995 loco,
1203 1953 1265 1986 ubi
1296 1952 1535 1997 Augustinus
1563 1954 1611 1988 ad
1640 1964 1685 1989 ea
1715 1964 1753 1989 se

247 2005 477 2047 respondere
507 2006 611 2049 dicit,
642 2017 738 2050 quae
770 2007 998 2042 Consentius
1028 2013 1250 2052 praeter
1280 2010 1577 2053 epistulam
1610 2011 1647 2045 in
1678 2011 1753 2046 alia

246 2060 419 2096 chartula
455 2073 478 2097 a
513 2073 552 2098 se
589 2065 809 2107 quaerenda
845 2064 1056 2110 misisset.⁷)
1106 2067 1306 2110 respondit
1341 2068 1440 2102 enim
1477 2068 1526 2103 ad
1562 2079 1619 2112 ea,
1655 2080 1751 2114 quae

246 2123 356 2154 erant
391 2120 428 2154 in
465 2120 649 2165 chartula,
683 2132 780 2166 quae
816 2126 942 2170 autem
977 2123 1199 2168 quaerenda
1231 2124 1387 2160 miserat
1423 2125 1462 2159 in
1496 2125 1673 2169 epistula,
1710 2127 1746 2160 in

244 2175 347 2210 ahud
379 2181 529 2221 tempus
560 2177 718 2213 distulit.
763 2190 837 2224 qua
867 2191 905 2215 re
938 2181 1022 2226 quis
1056 2192 1131 2216 non
1164 2182 1323 2217 inclinat
1354 2193 1410 2227 e0,
1444 2188 1495 2227 ut,
1527 2194 1623 2228 quae
1656 2184 1752 2219 Con-

382 2303 410 2345 1)
438 2302 627 2338 Theodos.
664 2303 725 2339 lib.
761 2304 794 2339 X
827 2305 857 2349 9,
893 2306 927 2349 33
964 2307 1016 2350 10,
1053 2307 1096 2341 27
1130 2312 1166 2342 et
1202 2308 1259 2351 283
1295 2308 1431 2344 Baron.
1469 2319 1554 2344 ann.
1592 2309 1681 2345 ecel.
1717 2309 1749 2342 V

244 2367 277 2400 p.
307 2359 507 2395 4390--13,

382 2416 410 2459 ²)
436 2417 484 2451 ct.
510 2417 606 2463 Aug.
631 2417 799 2454 Retract.
823 2419 857 2454 II
879 2420 934 2454 59.

380 2473 407 2516 ³)
438 2483 474 2517 p.
501 2474 581 2519 317,
610 2475 715 2519 6—83
748 2476 827 2520 319,
858 2476 1007 2521 12—153
1037 2478 1116 2522 322,
1143 2478 1293 2514 16-23.

379 2530 408 2573 ⁴)
437 2540 472 2575 p.
501 2531 581 2576 323,
612 2532 713 2567 3—8.

379 2587 408 2631 ⁵)
437 2598 473 2631 p.
497 2589 576 2633 339,
604 2590 753 2634 18—213
781 2591 877 2636 Aug.
903 2596 1037 2628 contra
1065 2594 1304 2630 mendacium
1334 2595 1362 2640 1,
1392 2596 1408 2629 1
1440 2596 1581 2642 (Migne
1609 2597 1745 2641 patrol.

240 2642 304 2679 lat.
330 2644 394 2678 XL
420 2655 455 2689 p.
479 2646 693 2691 517—518).

378 2702 407 2745 ⁶)
437 2712 471 2746 p.
501 2703 580 2748 323,
608 2704 642 2748 23
670 2705 749 2749 324,
777 2706 905 2751 8-10;
935 2707 1030 2753 Aug.
1060 2713 1195 2744 contra
1221 2710 1462 2746 mendacium
1492 2711 1522 2756 1,
1552 2711 1567 2745 1
1602 2711 1743 2758 (Migne

241 2758 376 2799 patrol.
406 2759 470 2794 lat.
498 2760 563 2795 XL
590 2770 625 2804 p.
655 2761 752 2805 517).

378 2815 411 2859 ⁷)'
437 2826 471 2860 p.
500 2817 577 2862 324,
607 2819 731 2854 8—10.
