2078 3054
869 140 1009 177 Index
1034 138 1109 175 111.
1680 127 1731 167 47

238 259 446 296 rediturum
481 268 564 294 esse
600 261 838 301 compererat
851 257 879 301 ¹)
915 278 972 300 -—,
1007 256 1087 290 veri
1123 254 1353 290 simillimum
1392 259 1450 290 est
1487 254 1614 290 futuro
1650 263 1736 289 con-

238 319 324 353 cilio
356 315 649 360 Carthaginensi
681 326 726 350 ea
754 318 863 359 gesta
893 312 1146 357 Augustinum
1178 322 1408 356 praeparare
1438 312 1616 347 voluisse.

378 375 420 409 In
461 373 626 416 epistula
671 373 737 407 18⁰
778 372 826 406 ad
869 370 1059 405 Oceanum
1101 370 1194 404 data
1234 369 1472 414 Augustinus
1514 368 1736 414 Hieronymi

238 432 431 476 dialogum
454 432 640 466 adversus
664 429 859 473 Pelagium
883 433 1153 462 commemorat
1175 432 1211 462 et
1237 437 1334 471 opus
1359 426 1530 471 appellat
1552 438 1568 461 r
1583 437 1602 462 e
1618 437 1635 460 c
1651 437 1709 461 en
1725 448 1736 452 -

238 489 529 531 tissimum,
562 487 662 532 quod
697 486 843 521 modo
877 485 1102 528 edidisset.²)
1149 485 1214 529 qui
1247 484 1422 529 dialogus
1455 494 1538 518 cum
1573 484 1642 519 sub
1675 494 1736 518 ex-

238 552 396 580 tremum
432 556 572 579 annum
609 545 676 578 415
709 549 889 578 exaratus
924 543 984 585 sit,
1021 542 1223 585 epistulam
1260 542 1362 576 haud
1396 541 1554 576 multum
1590 542 1637 576 ab
1674 541 1735 575 illo

238 609 407 646 tempore
433 602 576 637 distare
603 601 814 645 putandum
840 606 908 635 est.
946 599 1095 634 accedit
1120 599 1221 644 quod
1248 599 1485 644 Augustinus
1511 600 1559 634 ab
1586 598 1736 633 Oceano

238 661 371 694 librum
408 659 629 703 Hieronymi
665 658 772 702 petit,
807 668 917 702 quem
954 657 1015 692 ille
1053 657 1099 691 ab
1137 656 1270 691 Orosio
1306 657 1596 692 describendum
1632 666 1737 691 acce-

239 717 415 761 pisset;³)
448 716 603 751 Orosius
632 716 746 759 igitur
774 726 820 750 ex
848 714 1067 749 Palaestina
1095 714 1167 748 iam
1196 714 1373 758 redierat,
1402 714 1438 749 id
1466 714 1568 758 quod
1595 714 1735 748 factum

237 786 319 809 csse
346 778 497 809 constat
521 785 554 807 a.
580 775 647 807 416
675 773 826 807 concilii
854 771 1168 816 Carthaginensis
1194 771 1408 815 tempore.⁴)

378 832 415 865 Si
438 831 522 876 quis
548 836 697 874 tempus
720 830 907 873 epistulae
932 830 1044 864 184Α
1068 829 1250 873 indagare
1274 828 1449 872 voluerit,
1473 839 1547 863 non
1573 828 1736 872 habebit,

237 898 310 933 quo
347 889 501 932 nitatur,
534 888 607 922 nisi
639 887 741 932 quod
774 887 1022 931 Augustinus,
1056 896 1140 921 cum
1176 886 1272 920 hanc
1308 885 1510 929 epistulam
1545 886 1737 929 scriberet,

238 946 371 980 librum
406 951 581 990 quartum
615 945 803 980 decimum
838 945 884 979 de
919 944 1075 978 civitate
1110 944 1172 979 dei
1205 943 1244 978 in
1278 943 1452 978 manibus
1486 953 1526 978 se
1560 943 1736 978 habuisse

237 1003 373 1047 ‹licit.⁵)
412 1003 514 1048 quod
539 1002 692 1047 quando
722 1002 863 1036 factum
892 1002 952 1045 sit,
978 1001 1199 1036 coniectura
1223 1001 1382 1045 adsequi
1409 1001 1564 1044 poteris,
1591 1000 1622 1035 si
1651 1010 1737 1035 con-

237 1061 467 1096 sideraveris
493 1060 628 1095 librum
656 1059 706 1093 IV
734 1064 771 1094 et
796 1059 828 1092 V
857 1059 956 1093 intra
983 1069 1123 1093 annum
1151 1059 1217 1093 415
1243 1069 1327 1093 eum
1355 1058 1596 1092 inchoavisse
1627 1057 1737 1092 simul

237 1129 278 1151 ac
320 1118 584 1161 perfecisse-J)
625 1117 720 1151 libro
759 1116 959 1151 undecimo
998 1116 1195 1160 institisse,
1234 1126 1318 1150 cum
1359 1115 1514 1150 Orosius
1554 1115 1590 1150 in
1631 1125 1737 1158 prae-

238 1175 380 1209 fatione
405 1175 647 1209 historiarum
669 1174 871 1208 adversum
894 1184 1066 1218 paganos
1087 1177 1190 1208 esset
1209 1172 1461 1217 occupatus,⁷)
1487 1173 1525 1207 id
1546 1177 1603 1208 est
1625 1182 1736 1215 anno,

237 1238 277 1266 nt
309 1232 472 1275 videtur,
506 1232 702 1273 416-4173
738 1231 861 1275 ipsum
896 1235 1022 1266 autem
1059 1231 1194 1265 librum
1231 1235 1406 1275 quartum
1441 1230 1629 1265 decimum
1663 1230 1736 1264 iam

238 1294 390 1333 praesto
412 1290 541 1333 fuisse,
561 1299 645 1323 cum
666 1288 904 1333 Augustinus
924 1293 1057 1323 contra
1077 1288 1340 1323 adversarium
1361 1288 1457 1332 legis
1477 1292 1514 1323 et
1534 1287 1737 1331 propheta-

237 1357 316 1380 rum
346 1347 570 1390 scriberet.⁸)
599 1347 698 1391 quod
729 1356 825 1389 opus
853 1346 998 1381 ineunti
1025 1356 1124 1380 anno
1153 1345 1220 1379 420
1246 1345 1487 1380 adtribuitur.
1526 1355 1622 1389 quae
1653 1354 1735 1378 cum

238 1404 290 1437 ita
315 1414 352 1438 se
379 1404 554 1448 habeant,
579 1404 672 1439 liber
693 1408 854 1448 quartus
880 1404 1049 1438 decimus
1074 1409 1111 1438 et
1137 1414 1212 1438 una
1237 1407 1320 1438 cum
1347 1413 1391 1438 eo
1416 1402 1582 1445 epistula
1608 1402 1673 1435 186
1700 1402 1736 1435 in

237 1471 376 1494 annum
407 1461 556 1495 circiter
585 1461 652 1495 418
681 1460 860 1496 incidisse
893 1461 1082 1495 videntur.

376 1518 587 1563 Epistulam
628 1519 693 1553 185
730 1519 776 1554 de
816 1519 1050 1553 correctione
1091 1517 1377 1552 Donatistarum
1416 1518 1464 1552 ad
1504 1516 1736 1551 Bonifatium

237 1585 335 1610 anno
366 1577 431 1609 417
463 1576 641 1619 scriptam
672 1586 754 1609 esse
784 1580 952 1619 apparet.
983 1575 1121 1610 etenim
1154 1575 1190 1609 in
1222 1574 1549 1609 Retractationum
1579 1574 1601 1608 1.
1632 1574 1662 1607 11
1696 1575 1738 1608 48

237 1632 474 1676 Augustinus
509 1643 591 1667 eam
630 1637 716 1675 post
750 1633 885 1667 librum
920 1633 967 1667 de
1003 1633 1121 1677 gestis
1156 1633 1288 1677 Pelagi
1322 1637 1360 1668 et
1395 1636 1482 1667 ante
1518 1632 1652 1667 librum
1690 1632 1735 1666 dc

236 1690 454 1732 praesentia
478 1690 541 1724 dei
565 1690 645 1724 sive
673 1690 876 1733 epistulam
906 1691 970 1724 187
995 1691 1134 1734 posuit,
1158 1691 1259 1734 quod
1286 1695 1485 1734 utrumque
1511 1689 1734 1733 opusculum

236 1758 268 1780 a.
292 1748 358 1781 417
382 1752 439 1781 est
462 1747 726 1791 compositum,
749 1752 787 1781 et
810 1747 1032 1781 nominatim
1059 1747 1273 1782 adfirmavit
1298 1748 1430 1782 eodem
1455 1753 1625 1791 tempore
1653 1757 1734 1781 eam

235 1814 318 1838 csse
344 1804 536 1847 scriptam,
563 1814 636 1848 quo
661 1804 795 1839 librum
820 1805 866 1839 de
891 1804 1010 1849 gestis
1038 1804 1180 1849 Pelagi.

375 1861 416 1896 In
446 1861 612 1904 epistula
641 1862 706 1896 186
734 1862 972 1905 Augustinus
1001 1872 1084 1896 cuin
1114 1862 1253 1906 Alypio
1283 1862 1332 1896 ad
1361 1862 1559 1897 Paulinum
1591 1862 1636 1897 (le
1669 1861 1735 1896 Pe-

235 1918 388 1962 lagiana
413 1919 560 1953 haeresi
587 1919 770 1953 scribunt:
798 1919 936 1953 Missae
965 1923 1053 1954 sunt
1081 1930 1129 1953 ez
1154 1919 1303 1954 duobus
1329 1920 1512 1961 conciliis,
1537 1919 1734 1963 Carthayi-

234 1977 343 2010 riensi
379 1980 416 2010 et
451 1976 684 2021 MilezujtanQ
719 1977 923 2011 relationes
956 1977 1005 2011 ad
1040 1977 1290 2020 apostolicam
1324 1977 1463 2011 sedem.
1513 1978 1734 2021 scripsimus

235 2034 348 2067 etiam
371 2034 419 2068 ad
443 2034 464 2067 I)
479 2044 535 2067 ea
553 2035 654 2067 tiss
671 2036 730 2068 im
746 2044 767 2067 a
782 2044 802 2067 e
826 2045 860 2068 m
875 2044 896 2067 e
911 2035 1074 2068 moria
1090 2044 1109 2067 e
1132 2044 1271 2078 papam
1296 2034 1558 2069 Innocentium
1582 2037 1735 2077 praeter

234 2090 480 2125 conciliorum
515 2091 720 2125 relationes
754 2091 903 2126 litteras
934 2091 1153 2131 familiares.
1197 2092 1246 2126 ad
1278 2093 1406 2126 omnia
1440 2092 1548 2126 nobis
1585 2092 1646 2125 ille
1681 2100 1734 2125 re-

234 2149 388 2191 scripsit
408 2158 452 2181 eo
475 2149 598 2190 modo,
620 2158 693 2192 quo
714 2149 773 2188 sas
795 2152 876 2183 erat
897 2152 1011 2192 atque
1031 2149 1234 2193 oportebat
1255 2150 1490 2193 apostolicae
1513 2149 1616 2183 sedis
1638 2150 1732 2182 anti-

233 2204 402 2238 stitemf’i
445 2205 493 2239 ad
525 2205 789 2240 Africanorum
818 2205 917 2240 enim
946 2205 1211 2248 episcoporum
1239 2206 1424 2249 epistulas
1453 2206 1528 2240 175.
1561 2206 1637 2239 176.
1669 2206 1732 2239 177

372 2332 399 2374 ¹)
429 2341 463 2374 p.
495 2331 574 2375 691,
609 2331 756 2374 15-217.
788 2332 866 2369 695,
901 2331 1046 2365 12-14.

371 2389 399 2431 ²)
429 2398 464 2431 p.
497 2389 575 2431 700,
605 2389 706 2422 3—4.
958 2389 986 2431 ³)
1015 2399 1050 2432 p.
1083 2390 1159 2431 700,
1194 2390 1338 2423 13—16.

371 2446 399 2487 ⁴)
429 2446 496 2489 Ep.
527 2447 592 2479 175
620 2456 654 2488 p.
685 2447 763 2484 653,
793 2447 959 2485 11-654,
991 2447 1020 2480 1.
1264 2447 1292 2478 ⁵»
1322 2456 1356 2489 p.
1384 2447 1462 2490 735,
1490 2446 1636 2480 20-521.

370 2504 397 2539 “i
428 2503 483 2536 (Ὺ.
511 2513 570 2545 ep.
601 2504 664 2537 169
691 2513 725 2545 p.
752 2504 830 2538 611.
861 2504 1003 2537 11—15.

370 2559 398 2593 ⁷ae
428 2559 583 2594 Orosius
617 2561 700 2594 hist.
733 2561 819 2594 adv.
852 2571 937 2605 pag.
972 2561 985 2594 I
1018 2561 1134 2604 piaef.
1164 2561 1186 2605 ξ
1220 2562 1273 2594 11.

370 2619 398 2659 ’ἧι
430 2618 523 2660 Aug.
562 2624 693 2651 contra
730 2618 993 2655 adversarium
1031 2618 1124 2661 legis
1161 2624 1195 2653 et
1235 2618 1505 2661 prophetarum
1545 2618 1559 2651 1
1598 2619 1650 2661 14,
1690 2619 1730 2651 18

235 2672 375 2716 ‹Migne
402 2675 536 2717 patrol.
565 2675 627 2708 lat.
656 2675 755 2708 XLII
787 2686 821 2719 p.
848 2677 925 2718 6133,
952 2676 1119 2711 42--1351
1151 2676 1205 2709 De
1233 2686 1306 2719 qna
1333 2686 1372 2709 re
1401 2676 1554 2710 uberius
1581 2677 1618 2709 in
1645 2676 1730 2709 (iliis

231 2733 266 2764 (il
297 2733 458 2765 »mxime
488 2734 522 2765 in
553 2736 687 2776 quarto
715 2733 861 2766 decimo
890 2733 985 2767 libro
1014 2734 1051 2767 (1(
1090 2733 1246 2767 civitate
1275 2733 1337 2767 dez·
1366 2733 1658 2777 disputavimus.

368 2788 397 2819 ’Μ
428 2799 461 2831 Ι).
492 2789 544 2823 47,
577 2789 699 2823 2W11.
