2078 3054
274 149 359 190 296

318 276 473 322 credere
523 280 562 311 et
608 279 723 311 antea
771 286 856 312 eum
905 277 1035 321 fuisse,

318 333 543 368 Ambrosius
577 333 753 379 coarguit
783 333 837 368 III
868 333 948 378 292,
981 334 1035 370 19.
1065 375 1068 377 ,

317 390 570 426 Photinianus
623 390 851 436 loquebatur
901 391 1037 427 adver-

318 458 383 484 sus
417 448 591 494 spiritum
624 451 800 484 sanctum
832 452 871 485 et
902 459 1037 495 pecca-

317 505 384 541 bat
422 506 460 541 in
499 517 596 550 cum,
636 517 722 542 cum
762 506 843 542 eius
880 507 1035 543 omnino

318 567 478 610 negaret
550 564 717 610 aliquam
785 566 877 601 'esse
951 563 1037 601 sub-

318 622 512 667 stantiam,
575 622 643 658 sed
705 633 823 657 unum
886 626 1036 660 tantum

317 680 431 715 modo
457 690 541 716 esse
567 681 680 716 deum
705 683 852 726 patrem
867 681 919 716 IV
933 681 990 726 42,
1007 681 1037 716 4.

947 165 1088 200 Index
1114 165 1158 201 V.

1117 279 1207 314 addi
1248 280 1448 326 voluisset,
1488 282 1638 318 Piniani
1681 294 1834 329 respon-

1118 337 1225 373 sione
1257 339 1489 381 reprehensa
1520 344 1578 375 est
1609 340 1661 375 III
1694 342 1748 386 10,
1778 342 1834 377 25.

1117 393 1258 430 Albina
1280 395 1327 431 de
1350 396 1676 441 Hipponiensibus
1699 403 1835 444 questa

1118 455 1188 497 est,
1227 453 1330 497 quod
1367 454 1610 499 aperuissent
1648 457 1835 502 cupidita-

1118 512 1194 545 tem
1229 521 1338 546 suam
1371 522 1494 557 neque
1529 514 1733 551 clericatus
1768 516 1835 551 sed

1117 568 1304 612 pecuniae
1341 579 1459 606 causa
1493 570 1695 608 Pinianum
1733 574 1835 619 apud

1119 635 1159 661 se
1197 628 1327 662 tenere
1365 627 1582 664 voluissent
1616 629 1670 665 III
1705 632 1738 675 3,
1775 632 1834 676 223

1119 683 1166 725 cf.
1194 684 1249 729 12,
1274 684 1329 719 20.
1356 684 1410 730 16,
1435 686 1467 720 4.
1493 686 1540 722 de
1564 687 1609 722 A.
1635 688 1726 733 quid
1753 699 1835 724 seu-

1118 741 1218 786 tiret,
1258 752 1380 787 paene
1421 742 1603 779 clamavit
1642 755 1712 780 nec
1752 746 1836 790 ipsa

1118 792 1268 835 tantum
1307 810 1442 836 verum
1482 802 1597 837 etiam
1636 802 1703 838 filii
1742 803 1835 848 eius,

1119 857 1184 902 qui
1209 858 1280 893 hoc
1305 858 1421 893 etiam
1446 859 1531 904 ipsa
1554 859 1617 896 die
1641 861 1679 896 in
1703 860 1835 897 abside

1119 914 1300 950 dixerunt
1347 915 1401 951 III
1450 917 1484 962 3,
1534 917 1590 953 26.
1640 918 1686 954 Α.
1737 919 1835 955 hanc

1119 973 1377 1018 suspicionem
1414 977 1453 1010 et
1486 974 1534 1010 ab
1568 975 1836 1021 Hipponiensi-

1118 1029 1189 1066 bus
1217 1034 1256 1067 et
1279 1042 1304 1066 a
1329 1041 1368 1067 se
1395 1032 1479 1077 ipso
1505 1033 1756 1078 propulsabat
1782 1034 1836 1070 III

1120 1088 1175 1133 12,
1200 1088 1256 1124 20.
1284 1089 1339 1134 13,
1365 1089 1424 1133 253
1450 1100 1573 1136 neque
1599 1102 1623 1126 a
1647 1102 1688 1127 se
1712 1102 1836 1138 neque

269 754 298 789 P
312 754 336 788 h
351 764 373 790 o
389 754 469 789 tin
482 765 507 789 u
523 764 539 790 s
584 755 801 791 haereticus
845 755 1037 791 hominem

317 816 467 848 tantum
500 813 614 849 modo
648 812 841 849 Christum
874 813 1037 850 credidit

318 870 352 905 II
382 871 462 915 717,
493 870 548 906 25.

271 940 514 986 Phryges
545 940 722 987 sacrilegi
750 940 767 975 I
795 941 852 986 94,
881 941 914 976 6.

270 1015 656 1051 pictaviensis
690 1026 724 1052 v.
757 1015 937 1052 Hilarius.

270 1088 537 1125 Pinianus
572 1099 607 1126 v.
644 1089 795 1125 Albina.
841 1090 1037 1136 Pinianus,

318 1147 432 1183 homo
458 1147 568 1183 dives
593 1151 710 1193 atque
735 1148 925 1194 pecuniae
948 1158 1038 1185 con-

319 1208 485 1250 temptor
512 1208 551 1241 et
577 1205 739 1251 largitor
764 1205 818 1242 III
842 1207 876 1251 3,
902 1206 962 1251 243
989 1207 1036 1249 cs.

320 1263 374 1307 13,
414 1263 447 1298 5.
488 1263 771 1309 Hipponienses
810 1274 897 1299 eum
935 1274 1038 1309 pres-

320 1320 496 1365 byterum
551 1320 736 1366 petebant
787 1321 841 1357 III
893 1322 927 1366 7,
982 1322 1037 1358 18.

321 1378 375 1423 10,
407 1378 452 1413 12
482 1381 520 1414 et
551 1378 789 1415 turbulenter
818 1389 864 1415 ac
895 1383 1038 1416 temere

321 1446 435 1481 agere
478 1440 689 1482 coeperunt
730 1437 764 1481 8,
805 1437 838 1472 6.
881 1437 937 1476 15.
979 1437 1036 1473 26.

319 1494 352 1538 9,
394 1494 424 1529 1.
465 1494 522 1539 Α.,
563 1495 665 1540 quod
707 1494 782 1531 fide
821 1495 914 1531 data
954 1505 1038 1541 pro-

320 1551 487 1597 miserat,
512 1562 560 1588 ne
585 1552 648 1588 ille
674 1552 819 1589 invitus
845 1553 1038 1589 ordinare-

320 1612 393 1655 tur,
428 1609 543 1655 omni,
581 1621 657 1656 qua
693 1614 854 1656 peterat,
889 1604 1038 1647 ratione

320 1667 527 1703 resistebat
572 1667 626 1703 ΙΠ
672 1669 704 1713 8,
752 1668 807 1703 11.
854 1664 1064 1704 Pinianuslv

320 1725 424 1760 misit
455 1725 506 1761 ad
536 1726 581 1761 A.
615 1736 769 1764 servum
801 1726 874 1771 dei,
907 1727 973 1772 qui
1004 1705 1056 1767 ei,

319 1783 466 1819 diceret
511 1783 617 1819 illum
664 1794 704 1819 se
751 1784 851 1820 velle
895 1784 1037 1830 populo

321 1840 458 1886 iurare,
481 1841 512 1876 si
534 1844 639 1877 esset
658 1842 858 1878 ordinatus
881 1842 1037 1887 invitus,

320 1898 414 1943 fore,
462 1902 504 1934 ut
550 1909 597 1935 ex
643 1899 776 1935 Africa
822 1900 1039 1936 discederet

320 1956 474 1992 omnino
507 1957 560 1992 III
591 1957 623 2001 9,
654 1957 711 1993 23.
743 1961 824 1993 tum
854 1957 1037 1994 Pinianus

321 2017 482 2059 urgente
523 2014 655 2060 populi
694 2015 896 2051 voluntate
938 2026 1038 2052 com-

321 2074 447 2107 motus
498 2071 675 2117 Hippone
727 2083 767 2108 se
817 2083 1037 2109 mansurum

322 2139 417 2173 esse,
449 2130 479 2165 si
511 2129 583 2165 sibi
613 2130 818 2166 clericatus
850 2131 1039 2167 sarcinam

321 2186 467 2222 nolenti
505 2187 632 2223 nullus
670 2188 882 2234 inponeret,
921 2192 970 2233 et,
1008 2189 1039 2224 si

321 2245 475 2289 quando
501 2245 550 2280 ad
575 2246 860 2291 suscipiendum
885 2246 1038 2282 clerica-

322 2306 401 2337 tum
443 2303 663 2339 consentire
705 2303 776 2340 sibi
818 2304 1038 2349 placuisset,

322 2370 398 2395 non
448 2361 522 2396 nisi
569 2361 607 2395 in
657 2362 741 2407 ipsa
787 2362 1039 2407 Hipponiensi

321 2418 485 2454 ecclesia
510 2429 786 2455 consensurum
810 2419 1038 2465 interposito

322 2476 402 2511 iure
450 2476 611 2512 iurando
660 2477 835 2521 promisit
881 2477 1039 2522 promis-

323 2544 483 2578 sumque
508 2534 736 2580 subscripsit
757 2535 810 2569 III
836 2536 889 2578 10,
913 2534 1039 2580 2-11,

324 2591 380 2634 15;
415 2592 461 2633 cf.
496 2592 551 2636 12,
585 2593 638 2627 14.
672 2592 842 2638 episcopi
874 2603 921 2629 ne
954 2592 1039 2628 sub-

323 2648 543 2693 scriberent,
592 2649 754 2686 Melanio
804 2654 940 2686 contra
985 2651 1039 2686 di-

324 2710 434 2741 cente
465 2707 610 2742 factum
641 2711 700 2742 est
727 2707 781 2742 III
810 2708 865 2752 11,
896 2708 949 2743 16.
979 2719 1040 2743 ea-

324 2764 409 2799 dem
448 2775 533 2799 cum
570 2765 618 2799 ad
656 2765 750 2800 alias
787 2766 1039 2801 necessitates

325 2821 439 2856 etiam
465 2822 563 2857 aeris
590 2821 751 2857 morbidi
777 2823 1040 2858 causationem

1118 1156 1141 1181 a
1174 1146 1316 1191 populo
1352 1146 1411 1183 ius
1447 1147 1649 1184 iurandum
1683 1150 1718 1185 ei
1751 1160 1836 1186 esse

1119 1207 1311 1239 extortum
1344 1205 1626 1250 promittendae
1661 1217 1837 1252 praesen·—

1120 1261 1196 1298 tiae
1221 1261 1275 1297 III
1296 1262 1353 1307 17,
1377 1263 1432 1298 10.
1454 1262 1638 1300 Pinianus
1661 1265 1836 1310 A.'prae-

1120 1322 1228 1356 sente
1253 1330 1297 1356 ac
1324 1320 1569 1366 permittente
1595 1332 1718 1367 neque
1743 1333 1836 1359 vero

1120 1377 1379 1424 praecipiente
1424 1378 1567 1415 iuravit
1610 1379 1664 1419 III
1707 1380 1762 1425 12,
1803 1382 1836 1417 3.

1120 1436 1284 1480 populus
1332 1436 1535 1473 Pinianum
1584 1438 1634 1474 ad
1682 1437 1837 1484 presby-

1120 1493 1268 1538 terium,
1327 1504 1406 1530 non
1465 1495 1515 1531 ad
1573 1495 1837 1531 iusiurandum

1121 1550 1321 1587 clamando
1376 1552 1542 1598 cogebat
1591 1553 1645 1589 III
1697 1553 1752 1599 12,
1803 1555 1836 1590 8.

1120 1608 1416 1655 flagrantissime
1447 1610 1486 1645 in
1516 1610 1677 1647 Piniano
1709 1622 1837 1647 amare

1120 1670 1330 1711 potuerunt
1368 1667 1650 1713 Hipponienses
1691 1672 1837 1704 tantam

1120 1724 1251 1760 mundi
1279 1725 1390 1761 istius
1418 1725 1681 1771 cupiditatem,
1708 1721 1837 1762 tantas

1120 1792 1226 1828 opes,
1249 1786 1395 1818 tantam
1419 1794 1525 1828 spem
1547 1787 1657 1819 tanta
1678 1795 1837 1820 conver-

1120 1839 1227 1876 sione
1255 1844 1475 1886 superatam
1504 1844 1620 1887 atque
1649 1842 1837 1878 calcatam

1121 1897 1175 1932 III
1201 1899 1255 1942 13,
1280 1898 1313 1933 5.
1340 1898 1523 1934 Pinianus
1551 1900 1604 1934 ita
1632 1910 1672 1935 se
1699 1900 1837 1945 promi-

1121 1955 1170 1990 sit
1199 1955 1247 1990 ab
1275 1956 1451 2001 Hippone
1480 1967 1557 1992 non
1585 1967 1837 2000 recessurum,

1120 2023 1232 2058 quem
1276 2014 1326 2049 ad
1369 2014 1523 2049 modum
1568 2014 1613 2049 A.
1658 2014 1721 2050 vel
1765 2014 1837 2059 ipsi

1120 2070 1402 2116 Hipponienses
1460 2082 1537 2107 non
1595 2070 1837 2116 recedebant,

1121 2128 1259 2173 quibus
1312 2132 1442 2164 tamen
1493 2133 1531 2165 et
1581 2129 1747 2165 abeundi
1799 2133 1838 2165 et

1120 2186 1305 2222 redeundi
1334 2186 1499 2222 facultas
1529 2191 1612 2222 erat
1637 2187 1758 2223 libera
1785 2187 1837 2222 III

1121 2245 1153 2287 7,
1174 2244 1207 2279 9.
1231 2244 1334 2289 quod
1357 2248 1444 2289 post
1466 2245 1526 2280 ius
1549 2244 1751 2280 iurandum
1773 2244 1837 2280 ab-

1122 2311 1209 2336 sens
1239 2305 1332 2346 erat,
1361 2312 1428 2347 per
1455 2302 1527 2337 hoc
1557 2302 1730 2347 periurus
1760 2313 1837 2338 non

1121 2359 1205 2403 fuit,
1237 2359 1311 2395 nisi
1345 2363 1412 2394 aut
1442 2359 1683 2396 voluntatem
1717 2363 1837 2395 muta-

1120 2420 1231 2451 verat
1271 2417 1373 2462 apud
1412 2417 1694 2462 Hipponienses
1733 2417 1837 2452 habi-

1121 2474 1228 2509 tandi
1266 2478 1334 2509 aut
1371 2474 1605 2510 discesserat
1642 2474 1723 2510 sine
1762 2474 1837 2510 dis-

1122 2531 1312 2576 positione
1339 2532 1524 2568 redeundi
1551 2532 1603 2572 III
1630 2533 1662 2577 6,
1689 2532 1744 2567 22.
1773 2532 1837 2577 qui

1122 2589 1285 2624 fuissent
1308 2592 1434 2624 motus
1457 2590 1520 2625 vel
1541 2590 1695 2635 linguae
1719 2590 1836 2625 homi-

1121 2657 1223 2691 num,
1252 2651 1504 2692 posteaquam
1531 2647 1733 2682 Pinianum
1763 2647 1837 2682 dis-

1121 2704 1284 2756 cessisse
1342 2705 1578 2750 didicissent,
1636 2705 1679 2739 A.
1738 2714 1835 2740 com-

1121 2766 1325 2802 monitorio
1392 2766 1577 2802 Albinam·
1637 2768 1836 2803 certiorem

1126 2823 1218 2859 fecit
1259 2824 1313 2859 III
1356 2825 1411 2869 11,
1454 2825 1510 2860 24.
1554 2824 1835 2870 Hipponienses
