2078 3054
309 122 364 162 62
948 130 1087 166 Index
1116 129 1189 165 111.

309 253 343 284 et
380 259 477 293 quae
512 248 584 283 iam
622 258 740 292 usque
775 248 823 282 ad
861 248 1052 293 quendam
1088 247 1348 281 calamitatum
1387 246 1535 290 apicem
1572 246 1826 282 increvissent

309 307 419 342 mala.
456 307 582 349 sopita
613 317 711 341 esse:
745 315 899 349 sperare
933 316 972 340 se
1004 309 1144 348 tamen,
1177 305 1268 350 quin
1299 304 1413 340 etiam
1446 305 1626 350 augurari
1661 305 1754 348 fore,
1786 310 1828 339 ut*

309 365 401 399 llaec
432 365 515 407 ipsa
544 364 740 409 belloruim
769 374 881 408 quam
911 363 1085 407 dixisset,
1115 363 1250 397 dilatio
1281 363 1388 406 pacis
1417 363 1574 398 liaberet
1602 367 1826 407 teneretque

311 433 515 466 perennem
552 432 595 456 ac
631 426 856 466 perpetuam
893 421 1154 464 firmitatem.¹)
1205 425 1242 456 et
1278 421 1327 455 ad
1364 424 1576 456 extremum
1617 421 1825 456 identidem

309 484 489 523 precatus
521 485 580 515 est
612 479 882 525 Augustinuin,
916 484 956 514 ut
990 479 1125 514 iterum
1159 478 1477 522 scriberetyhinc
1513 478 1612 513 enim
1647 479 1827 522 futurum

309 544 347 573 ut
388 535 550 573 libenter
589 538 805 581 suscepisse
844 549 928 572 eum
969 537 1113 581 scripta
1150 547 1220 571 sua,
1257 536 1445 581 suspicari
1485 537 1651 580 possit.²)
1703 547 1826 582 neque

308 596 451 630 frustra
481 607 519 631 se
548 596 675 640 rogari
705 606 843 639 passus
875 600 934 630 est
962 595 1215 639 Augustinus,
1244 595 1311 630 sed
1341 594 1546 638 epistulam
1577 595 1642 630 231
1675 595 1724 629 ad
1755 593 1827 628 Da-

308 654 404 689 rium
442 654 651 697 rescripsit.
699 665 859 699 qiuarum
896 653 1147 698 epistularum
1186 653 1308 697 prima
1346 653 1468 688 hieme
1506 652 1650 696 scripta
1687 657 1746 688 est
1782 675 1828 679 —

308 712 399 747 dicit
439 712 539 747 enim
579 712 832 756 Augustinus:
875 711 971 753 Quia
1008 722 1067 747 me
1105 712 1308 752 infirmitas
1345 712 1518 755 corpore‘s
1557 714 1596 745 et
1632 712 1826 756 (seminum

309 770 444 814 friyus,
465 771 504 805 id
525 773 585 805 est
603 770 688 804 hie
703 780 739 804 m
755 771 799 804 is
819 773 857 805 et
877 770 1018 804 aetatis
1040 779 1116 804 non
1137 770 1229 804 sinit
1251 779 1380 803 coram
1402 772 1527 803 tecum
1558 767 1774 813 conloquffl)
1791 786 1827 789 —

307 832 433 873 atque,
466 838 550 863 cum
582 828 844 863 Vandalorum
877 827 1047 872 inruptio
1081 828 1207 863 medio
1239 838 1341 862 anno
1374 827 1441 862 4²29
1476 827 1581 862 facta
1612 827 1672 871 sit,
1704 826 1826 862 hieme

307 886 397 920 :inni
429 886 624 921 429—430.
667 896 737 921 nec
766 886 882 931 longo
914 885 1119 921 intervallo
1152 890 1304 921 secutas
1335 896 1419 921 esse
1452 885 1549 920 dua-s
1580 885 1748 930 reliquas
1780 896 1826 921 ex

308 944 560 987 epistularum
582 944 730 979 ratione
752 944 864 979 facile
888 944 1111 979 eonieeeris.
1145 948 1313 979 ceterum
1336 943 1451 988 paulo
1476 948 1563 987 post
1586 943 1827 988 Augustinus

307 1002 406 1037 ‹liem
433 1012 651 1046 supremum
678 1002 769 1037 obiit
795 1002 829 1036 V
853 1002 940 1037 Kal.
968 1002 1203 1046 Septembris
1228 1013 1261 1037 a.
1286 1003 1364 1037 430.

448 1060 648 1095 Postremo
673 1061 756 1095 loco
785 1060 1036 1104 epistula-rum
1063 1060 1271 1105 Augustini
1297 1060 1544 1095 collectarum
1573 1059 1737 1095 Maurini
1761 1069 1827 1094 eas

309 1123 531 1163 posuerunt,
568 1129 728 1163 quarum
768 1123 944 1162 tempora
980 1119 1106 1153 minus
1143 1123 1232 1153 sunt-
1269 1122 1477 1162 comperta,
1516 1118 1703 1162 epistulas
1740 1118 1826 1152 dico

306 1176 501 1211 232-270.
544 1176 582 1211 id
613 1187 725 1211 unum
755 1181 882 1211 tamen
912 1177 958 1211 de
987 1177 1045 1211 liis
1072 1177 1248 1211 omnibus
1279 1176 1474 1211 adfirmari
1503 1181 1632 1220 potest
1662 1176 1826 1220 scriptas

307 1244 390 1269 esse
426 1234 644 1278 Augustino
677 1234 861 1278 episcopo
895 1234 1009 1278 facto⁷
1043 1235 1081 1269 id
1114 1239 1173 1270 est
1206 1239 1291 1278 post
1326 1245 1468 1269 annum
1500 1234 1579 1269 395.
1626 1238 1826 1278 praeterea

307 1292 670 1327 commemoratione
700 1297 786 1327 sunt
817 1292 936 1337 digna
965 1293 1072 1328 haec:

448 1350 489 1385 ln
520 1351 685 1394 epistula
715 1351 783 1386 232
814 1351 1053 1396 Augustinus
1085 1350 1403 1387 Madaurensibus
1433 1355 1523 1386 ante
1553 1350 1686 1386 oculos
1718 1352 1821 1394 ponit

307 1409 599 1444 simulacrorum
625 1410 766 1454 templa
789 1410 929 1454 partim
954 1410 1037 1444 sine
1059 1411 1305 1453 reparatione
1327 1410 1512 1454 conlapsa
1535 1410 1676 1454 partim
1698 1410 1826 1443 diruta

305 1468 446 1511 partim
480 1467 611 1502 clausa
646 1469 788 1511 partim
824 1469 860 1502 in
897 1477 988 1502 usus
1022 1468 1120 1502 alios
1154 1470 1389 1502 commutata
1424 1468 1585 1512 ipsaque
1619 1467 1825 1501 simulacra

306 1526 368 1559 rel
397 1524 589 1570 consrinqi
619 1526 681 1558 vel
710 1525 864 1559 incendi
895 1526 955 1560 vel
985 1525 1132 1560 includi
1167 1526 1224 1560 vel
1253 1526 1402 1560 destrui
1431 1528 1547 1570 atque
1577 1526 1683 1569 ipsas
1712 1525 1825 1559 huius

305 1583 451 1617 saeculi
481 1586 695 1627 potestates
727 1587 861 1618 contra
893 1584 1028 1619 eadem
1059 1584 1277 1626 simulacra,
1309 1593 1379 1628 pro
1413 1584 1551 1628 quibas
1585 1583 1826 1618 Christianos

305 1640 544 1683 occidebant,
583 1642 748 1686 impetus
783 1652 874 1676 suos
910 1642 1091 1686 Ieyesque
1127 1641 1332 1685 venissest)
1383 1651 1480 1686 quae
1516 1641 1622 1686 leges
1658 1651 1741 1676 eum
1778 1641 1825 1674 ab

306 1698 537 1742 imperatore
568 1698 737 1734 Honorio
767 1710 800 1734 a.
831 1699 900 1734 399
930 1704 968 1735 et
997 1700 1064 1734 407
1093 1700 1208 1734 datae
1240 1699 1359 1744 sint&
1392 1699 1597 1743 epistulam
1629 1709 1705 1734 non
1736 1704 1824 1734 ante

305 1756 373 1790 lios
400 1767 523 1792 annos
551 1757 733 1801 scriptam
762 1768 846 1793 esse
874 1757 1059 1793 censebis.

447 1814 630 1859 Epistulis
671 1816 753 1850 238.
794 1816 874 1851 239.
914 1816 978 1850 241
1026 1815 1231 1858 Augustini
1272 1815 1319 1850 ad
1361 1815 1605 1850 pascentium
1648 1814 1825 1850 comitem

306 1871 509 1907 Arrianum
540 1878 578 1908 et
607 1873 775 1917 epistula
802 1874 871 1908 240
902 1873 1081 1909 Pascenti
1112 1874 1161 1909 ad
1194 1874 1453 1918 Augustinum
1483 1874 1529 1908 de
1560 1873 1824 1918 disputatione

305 1930 444 1974 agitur,
472 1930 520 1965 ad
549 1941 662 1974 quam
691 1930 930 1975 Augustinus
959 1942 982 1965 a
1008 1931 1212 1966 Pascentio
1242 1935 1322 1966 erat
1353 1934 1598 1975 provocatus.
1629 1932 1825 1966 volueram

305 1988 458 2031 quidem
483 2010 530 2014 —
554 1988 608 2023 sie
635 1988 771 2032 incipit
799 1989 1038 2034 Augustinus
1065 1989 1269 2033 epistulam
1299 1989 1367 2024 ⁶238
1390 2011 1437 2015 —
1461 1992 1618 2034 petente
1646 1993 1682 2025 te
1708 1993 1824 2034 atque

305 2046 486 2087 instante,
513 2048 627 2081 immo
651 2057 743 2082 vero
767 2057 836 2091 pro
861 2049 997 2082 merito
1021 2048 1232 2083 aetatis
1256 2058 1301 2082 ac
1326 2048 1531 2092 (llytzitatz's
1556 2051 1645 2084 tuae
1669 2049 1823 2083 iubente

306 2106 342 2137 te
374 2104 422 2138 cle
454 2104 528 2145 fale
563 2103 782 2140 Christiana
816 2106 932 2140 etiam
966 2115 1152 2149 praesens
1184 2116 1269 2140 cum
1302 2109 1507 2150 praesente
1541 2107 1715 2147 conferre
1747 2116 1823 2140 ser-

305 2170 465 2196 monem.
507 2161 748 2207 Augustinus
778 2162 895 2207 igitur
924 2163 1127 2198 Pascentio
1157 2168 1240 2199 erat
1269 2167 1363 2198 natu
1391 2163 1529 2207 minor·⁷
1563 2164 1666 2198 fama
1695 2167 1822 2199 autem

304 2228 388 2253 eum
422 2219 496 2254 iam
530 2219 704 2256 floruisse
737 2220 965 2256 Pascentius
997 2221 1159 2267 agnovit
1192 2232 1315 2267 neque
1349 2222 1431 2265 ipse
1467 2222 1663 2257 recusavit
1695 2221 1823 2266 Augu-

305 2276 472 2322 stinus‚⁰)
500 2282 542 2312 ut
568 2289 653 2314 eum
682 2282 772 2313 tunc
799 2279 908 2314 bonis
934 2279 1081 2314 viribus
1108 2279 1226 2315 fuisse
1253 2280 1466 2324 putandum
1494 2279 1554 2314 sit.
1593 2280 1696 2325 quod
1722 2280 1821 2315 idem

307 2333 504 2370 Possidius
532 2336 570 2370 in
595 2336 678 2371 vita
705 2336 913 2381 Augustini
939 2337 1142 2382 significat.
1181 2342 1311 2373 narrat
1337 2338 1436 2373 enim
1464 2337 1567 2372 illam
1593 2338 1823 2382 disputatio-

305 2402 388 2426 nem
432 2404 462 2427 c.
507 2393 549 2427 17
589 2398 704 2438 atque
747 2405 791 2429 eo
834 2394 968 2430 ordine
1010 2399 1152 2440 narrat,
1198 2400 1240 2430 ut
1282 2395 1487 2431 antecedat
1531 2394 1819 2431 Donatistarum

444 2519 472 2560 ¹)
503 2530 538 2563 p.
570 2520 648 2565 500,
680 2520 851 2566 22-501,
886 2522 938 2557 10.
1139 2522 1166 2567 2)
1198 2533 1234 2566 p.
1263 2523 1342 2567 503,
1375 2523 1521 2557 13-15.

444 2576 473 2610 ³)
503 2587 538 2621 p.
570 2579 648 2623 497,
682 2579 807 2614 8—-10.

446 2633 474 2677 ⁴)
502 2646 535 2678 p.
560 2635 639 2679 513,
664 2636 836 2671 20-514.
863 2638 895 2671 1:
922 2639 968 2672 cf.
995 2649 1028 2682 1).
1054 2639 1133 2675 511.
1156 2638 1284 2673 9—12.

445 2691 690 2728 ⁵)Tl1eodos.
728 2694 790 2729 lib.
830 2694 927 2733 XVI,
968 2697 1020 2731 10.
1060 2696 1115 2739 163
1156 2697 1198 2730 19
1237 2707 1321 2731 cum
1361 2703 1481 2730 coust.
1521 2697 1720 2743 Sirinond..
1763 2697 1819 2730 ed.

309 2748 523 2784 Mommsen.
549 2761 583 2794 p.
607 2751 675 2784 902
699 2757 734 2786 et
757 2753 836 2787 916.

443 2807 471 2840 ⁰>
503 2817 536 2850 μ.
569 2808 647 2852 538,
682 2809 851 2854 10-530,
882 2812 914 2845 3.
