2078 3054
313 134 504 170 LXXVII!
957 135 1197 168 l’rnvl'niiu.

307 267 485 305 cumque
524 252 564 293 in
605 252 816 306 opusculis
848 253 1073 306 Augustini
1109 252 1160 293 dc
1195 252 1272 293 hac
1305 266 1347 294 re
1381 252 1575 306 exposita
1607 251 1831 304 inveniret‚

308 324 456 357 cuncta
489 315 634 357 ordine
664 315 985 357 transcribenda
1007 322 1184 357 curaret.
1220 316 1471 357 constabant
1494 316 1621 370 igitur
1643 315 1698 356 illi
1725 328 1833 357 com-

308 379 501 421 mentarii
531 392 584 420 ex
611 379 710 420 solis
729 379 954 433 Augustini
979 379 1079 420 locis
1102 388 1155 431 et7
1180 393 1271 421 eum
1297 379 1474 421 confec=1
1500 384 1642 421 essent
1662 379 1835 420 ineunte

308 444 473 485 saeculo
499 443 612 494 vill,
635 442 1022 494 antiquissimorum
1046 442 1235 483 codicum
1260 448 1402 497 partes
1421 442 1694 484 exhibebant.
1714 456 1832 483 num-

307 520 427 559 quam
462 512 600 547 autem
634 505 734 547 editi
768 512 865 546 sunt
888 519 1022 559 neque
1046 506 1270 559 quicquam
1295 506 1345 547 de
1368 506 1429 547 eis
1449 507 1630 560 amplius
1650 505 1833 560 auditur,

308 570 384 611 nisi
405 569 514 622 quod
533 569 619 610 1011.
645 569 843 611 Mabillon
862 570 916 623 (a.
944 570 1244 623 1632—1701)
1264 583 1403 611 eorum
1424 570 1610 612 codicem
1629 569 1776 611 habuit
1795 576 1834 610 et

307 632 513 675 editurum
556 646 600 674 se
644 646 734 674 esse
777 633 979 686 promisit,
1017 633 1226 687 promisso
1266 646 1363 675 vero
1402 647 1483 674 Bw]
1518 633 1645 675 stetit.
1688 646 1834 674 verum

306 703 441 737 tamen
484 696 722 737 consimiles
761 698 1046 738 commentarii
1086 697 1224 739 Bedae
1265 697 1433 738 nomine
1471 696 1834 748 circumferuntur.

306 773 410 813 quos
448 759 559 801 idem
593 759 790 801 Mabillon
830 774 902 815 pro
944 761 1051 802 veris
1084 760 1299 814 quondam
1330 760 1548 811 habuerat,
1592 760 1679 812 sed,
1722 765 1834 815 post-

306 837 427 876 quam
468 837 589 865 veros
626 822 808 877 adeptus
841 829 916 877 est,
959 823 1218 866 adulterinos
1249 837 1342 866 esse
1375 824 1571 878 cognovit
1604 823 1715 865 veris
1746 824 1847 872 am'-⁴

309 887 460 942 pliores
503 892 542 928 et
586 886 732 929 Floro
773 887 953 940 cuidam,
1005 887 1184 930 diacono
1231 887 1520 943 Lug-dunensi,
1573 887 1832 941 adtribuit.1)

307 951 376 1004 qui
410 950 559 993 Florus
596 964 690 992 cum
729 958 895 993 centum
933 956 974 993 ct
1012 951 1164 1005 viginti
1197 951 1362 994 circiter
1394 952 1517 993 annis
1549 957 1644 1006 post
1675 950 1834 992 Bedam

306 1014 495 1066 vixisset,
529 1015 654 1056 etiam
686 1014 754 1056 isti
787 1015 1076 1057 commentarii
1110 1029 1194 1057 non
1227 1014 1522 1070 neglegendae
1557 1020 1699 1056 essent
1724 1014 1833 1055 anti-

306 1091 478 1132 quorum
518 1077 708 1120 codicum
747 1079 962 1131 reliquiae.
1007 1078 1126 1121 deest
1156 1085 1299 1120 autem
1333 1079 1462 1120 editio
1496 1079 1639 1120 critica
1671 1078 1834 1119 ratione

306 1142 506 1196 perfecta,
550 1155 633 1195 qua
671 1142 770 1195 quid
809 1155 948 1184 eorum
983 1141 1149 1185 codices
1181 1142 1381 1196 habeant,
1415 1149 1526 1184 certo
1559 1142 1654 1184 sciri
1688 1142 1833 1197 possit.

306 1206 605 1260 recepti‘cnim
639 1211 737 1247 sunt
768 1206 877 1247 inter
910 1206 1052 1248 Bedae
1083 1220 1225 1261 opera,
1265 1220 1440 1260 quorum
1474 1205 1683 1248 editiones
1717 1206 1834 1248 Colo-

306 1269 476 1311 nienses
506 1283 544 1310 a.
573 1270 683 1309 1612
716 1275 757 1310 et
795 1270 901 1309 1688
936 1269 1156 1312 confectae
1190 1275 1289 1312 sunt
1320 1277 1573 1324 postremae,
1605 1270 1648 1310 in
1681 1269 1835 1322 quibus

304 1333 418 1387 typis
451 1338 548 1374 sunt
579 1332 751 1387 vulgati.
786 1346 894 1386 quae
927 1333 1134 1375 editiones
1165 1334 1367 1388 quoniam
1403 1339 1447 1375 ut
1478 1341 1568 1375 arte
1601 1333 1745 1374 critica
1776 1332 1834 1373 ita

305 1397 431 1438 etiam
478 1396 561 1438 fide
608 1409 777 1451 prorsus
823 1402 967 1438 carent
1014 1397 1066 1438 ob
1114 1411 1291 1452 eamque
1335 1411 1506 1439 causam
1549 1396 1603 1438 ad
1644 1401 1833 1439 nostrum

306 1473 425 1501 usum
465 1466 561 1502 sunt
599 1460 782 1507 inutiles.
827 1461 869 1501 in
908 1460 1182 1503 recensendis
1215 1461 1407 1517 epistulis
1437 1461 1492 1502 ab
1524 1460 1591 1503 his
1622 1473 1832 1502 commen-

306 1524 425 1565 tariis
466 1524 733 1566 abstinebam
774 1535 902 1578 atque
944 1525 1047 1567 satis
1094 1524 1303 1567 habebam
1345 1525 1424 1567 hoc
1470 1525 1560 1567 loco
1608 1536 1832 1578 exponere,

307 1601 511 1641 quasnam
544 1600 685 1629 earum
718 1594 859 1642 partes
891 1589 1163 1630 continerent.
1197 1589 1359 1631 numeri
1390 1595 1546 1641 autem,
1578 1600 1685 1641 quos
1715 1587 1835 1628 uncis

306 1651 489 1693 inclusos
512 1651 703 1706 adposui,
729 1652 906 1707 paginas
929 1658 970 1694 ct
993 1653 1224 1695 versiculos
1246 1653 1477 1695 editionum
1504 1651 1832 1700 Coloniensium,

307 1729 413 1769 quas
445 1729 573 1769 supra
604 1714 707 1764 dixi,
740 1715 994 1768 significant,
1038 1730 1215 1769 quarum
1248 1723 1385 1758 tomus
1420 1716 1489 1758 Vl.
1524 1728 1596 1758 eos
1628 1715 1834 1757 continet:

367 1780 435 1825 Ep.
461 1780 506 1815 22
533 1791 567 1826 p.
595 1780 649 1825 55,
677 1781 825 1824 21-57‚
855 1782 890 1825 63
919 1781 973 1817 59.
1004 1782 1152 1827 13—60‚
1182 1783 1225 1818 13
1255 1782 1347 1821 (239.
1381 1780 1544 1826 mae).

368 1833 436 1877 Ep.
462 1833 507 1867 23
534 1843 568 1877 p.
595 1833 650 1876 67,
680 1834 828 1878 21-63
859 1834 903 1869 16
930 1835 1000 1880 (78,
1028 1835 1178 1869 60-79.
1208 1835 1253 1870 5·ι.

370 1885 437 1928 Ep.
463 1885 508 1919 28
534 1894 568 1929 p.
597 1885 673 1929 169,
706 1886 876 1931 11-110,
907 1886 929 1921 9
958 1886 1050 1931 (418,
1081 1886 1246 1931 31-41).

367 1939 435 1982 Ep.
460 1939 507 1974 40
532 1949 567 1983 p.
594 1939 649 1974 75.
687 1939 834 1984 12-76,
871 1940 914 1973 12
949 1939 1042 1984 (635,
1077 1940 1250 1983 63-636,
1286 1939 1332 1984 8),
1370 1941 1424 1981 77,
1462 1939 1591 1983 2-13·,
1628 1939 1694 1982 73„
1718 1937 1831 1972 8—'13

311 1990 403 2034 (353,
429 1990 603 2033 61-353,
627 1991 674 2035 3).

370 2044 439 2089 Ep.
464 2045 509 2079 47
535 2053 571 2088 p.
601 2044 678 2088 133,
706 2044 876 2088 19-131,
905 2045 938 2087 1-,
969 2044 1046 2088 136,
1074 2044 1210 2078 16—20
1240 2044 1332 2088 (369,
1358 2044 1527 2088 34-42).

368 2098 436 2141 Ep.
462 2097 508 2133 48
533 2106 567 2141 p.
596 2097 674 2141 138,
697 2097 867 2142 19-139,
890 2097 934 2131 -26
959 2097 1052 2142 (581,
1076 2097 1248 2142 51-583,
1271 2096 1317 2140 5).

370 2148 438 2192 Ep.
464 2149 509 2185 54
536 2158 571 2193 p.
601 2147 678 2193 162,
705 2148 855 2183 4—163.
883 2149 925 2182 91
957 2148 1049 2185 (381.
1079 2148 1249 2183 734382.
1277 2149 1350 2182 36.
1383 2149 1458 2183 166.
1486 2149 1634 2183 §.l—167.
1665 2148 1706 2182 13
1738 2149 1831 2191 (378.

310 2202 474 2247 47—71).
507 2202 584 2247 167,
614 2203 750 2237 14—22
779 2203 871 2243 (385.
902 2203 1066 2246 45-52).

366 2258 435 2303 Ep.
461 2257 506 2293 55
531 2267 566 2301 p.
594 2256 672 2291 172.
710 2256 860 2295 2—173,
898 2256 932 2290 3:
973 2256 1110 2290 10—15
1149 2255 1242 2299 (664,
1281 2254 1444 2299 5:3—72).
1485 2255 1562 2292 173.
1601 2254 1773 2290 16—174.
1810 2254 1831 2288 9

316 2309 408 2352 (742,
440 2308 608 2353 47-61).
642 2308 719 2351 174,
754 2308 924 2351 10-175,
958 2307 980 2341 6
1015 2307 1108 2351 (303,
1142 2307 1308 2351 24—43‘).
1344 2308 1420 2351 177,
1455 2307 1624 2345 13-179,
1661 2307 1702 2341 13
1738 2306 1832 2349 (665,

309 2361 474 2405 ‘24—59).
503 2361 580 2405 183,
605 2360 780 2404 izo—184,
809 2361 852 2395 16
881 2360 973 2403 (537.
1002 2360 1165 2404 10—27).
1193 2360 1271 2395 190.
1300 2360 1471 2403 19-191,
1498 2360 1519 2395 3
1547 2360 1640 2404 (650,
1665 2358 1831 2402 65-71).

312 2414 389 2458 195,
426 2412 597 2455 16-197,
635 2412 675 2446 11
713 2412 806 2455 (578,
842 2411 1006 2456 21-57).
1044 2412 1120 2455 197,
1159 2412 1329 2455 13-198,
1368 2414 1385 2447 1
1423 2412 1517 2457 (615,
1554 2412 1716 2456 14—22).
1754 2412 1831 2454 198,

313 2464 441 2507 2-113
476 2463 552 2508 199,
585 2463 757 2508 16-200,
791 2464 808 2498 1
847 2464 939 2507 (100,
972 2463 1139 2507 26—42).
1186 2463 1263 2507 199,
1294 2463 1409 2498 3—15
1443 2464 1537 2501 (637.
1571 2464 1830 2507 11-22).‘203.

316 2516 485 2561 19—204‚
511 2516 552 2551 11
581 2517 676 2562 (749,
702 2517 875 2561 64-750,
899 2517 949 2557 5).
974 2516 1053 2560 213,
1078 2516 1169 2551 2-8
1197 2516 1290 2560 (336,
1316 2517 1482 2561 69-74).

372 2569 440 2613 Ep.
466 2569 512 2603 78
537 2579 573 2613 p.
600 2569 678 2614 338,
702 2568 850 2613 1-339,
875 2569 917 2603 15
936 2568 1036 2613 (431,
1060 2568 1225 2613 18—47).

371 2759 397 2801 ¹)
425 2756 479 2791 (ἶὶ.
505 2758 595 2793 Heri.
622 2757 746 2793 Gehle.
794 2758 838 2792 ue
871 2757 993 2792 Bedae
1027 2756 1259 2791 Venerabilis
1292 2756 1365 2791 virzi
1401 2761 1435 2790 ct
1468 2756 1623 2800 scriptis.
1662 2755 1830 2800 laugsluni

269 2815 271 2817 ’
314 2809 535 2843 Batavorum
565 2812 661 2845 1838.
690 2821 722 2852 p.
743 2812 889 2846 68--70
1043 2810 1046 2812 ’
