2078 3054
280 170 366 212 250

327 298 434 333 sione
474 297 600 343 legum
639 296 686 332 de
726 296 838 332 idolis
878 294 1044 331 confrin-

325 356 461 402 gendis
496 359 534 391 et
568 353 772 390 haereticis
806 353 1044 399 corrigendis

327 425 403 449 11011
439 414 551 458 pauci
585 412 635 448 ad
669 411 925 448 Christianam
960 410 1045 446 reli-

325 472 479 517 gionem
526 471 588 506 vel
634 470 864 505 catholicam
911 479 1044 514 pacem

326 528 506 565 conversi
549 530 640 564 sunt
680 527 715 562 11
756 526 837 572 519,
881 526 935 562 12.
978 526 1044 561 im-

327 586 515 632 peratoris
565 586 627 621 lex
676 586 722 621 de
775 585 842 630 eis,
891 585 956 630 qui
1006 585 1044 619 in

326 645 456 690 aliqua
490 654 610 679 631153
644 643 876 687 detinentur,
912 646 956 678 ut
990 642 1044 677 iu-

325 702 439 738 diciis
468 702 722 738 exhibeantur
752 700 788 736 II
815 701 894 746 660,
924 701 956 736 6.
985 701 1041 736 23.

324 761 405 805 662,
430 761 463 796 4.
489 760 545 795 21.

373 829 428 865 De
466 829 563 875 legis
601 828 767 864 utilitate
804 827 856 863 III
892 826 973 872 452,
1009 827 1042 863 9.

326 888 378 923 lV
407 887 485 931 142,
516 887 570 922 19.
600 887 680 930 218,
709 886 765 921 24.
795 885 875 930 220,
904 886 937 921 4.
967 895 1043 930 qua

325 956 365 981 re
392 945 432 980 in
458 944 581 980 veteri
610 946 843 980 testamento
872 943 1042 980 severior

325 1003 420 1049 legis
454 1002 627 1038 vindicta
662 1000 845 1037 ferbuerit
877 1000 931 1036 III
963 1001 1043 1045 414,

328 1062 380 1096 14.
407 1060 550 1096 veteris
575 1060 671 1106 legis
697 1058 885 1095 sacrificia
911 1061 1043 1105 potue-

326 1122 414 1154 runt
441 1118 581 1154 mutari
608 1128 685 1153 non
713 1120 862 1152 mutata
887 1115 1042 1152 divinae

326 1176 593 1222 providentiae
627 1175 775 1211 ratione
809 1174 864 1210 III
898 1174 977 1219 127,
1010 1174 1042 1209 7.

326 1235 364 1269 in
411 1233 535 1269 veteri
583 1234 666 1279 lege
715 1232 857 1268 Christi
903 1242 1043 1268 nomen

325 1293 415 1328 olim
471 1292 545 1327 fuit
599 1291 870 1336 prophetatum
927 1293 1044 1335 atque

325 1350 586 1394 conscriptum
622 1348 675 1384 III
708 1348 789 1393 356,
824 1348 880 1383 12.
916 1347 1060 1402 dandav

325 1408 452 1443 fuerat
477 1407 550 1451 lex,
578 1417 675 1452 quae
702 1405 944 1442 manifestius
971 1404 1061 1441 sibi=

325 1466 450 1510 ipsum
492 1464 714 1500 ostenderet
752 1464 955 1508 hominem,
995 1473 1061 1509 116,

326 1522 512 1568 superbus
545 1522 695 1558 animus
727 1522 916 1557 humanus
948 1532 973 1557 a
1003 1531 1043 1557 se

324 1582 407 1626 ipso
429 1591 469 1617 se
490 1591 603 1626 posse
624 1590 707 1616 esse
727 1579 870 1616 iustum
889 1582 1043 1625 putaret

324 1639 378 1674 IV
405 1639 483 1683 143,
508 1639 541 1674 4.
567 1638 628 1673 lex
654 1637 827 1673 ostendit
851 1637 1041 1672 hominem

327 1696 399 1732 sibi
426 1697 562 1741 ipsum,
589 1699 632 1731 ut
659 1696 757 1731 sciat
784 1695 1043 1731 infirmitatem

327 1765 435 1790 suam
458 1758 497 1789 et
517 1754 660 1798 videat,
683 1764 796 1799 quem
817 1753 866 1789 ad
888 1752 1043 1788 modum

327 1823 393 1857 per
428 1811 724 1857 prohibitionem
757 1813 945 1857 augeatur
979 1820 1044 1855 po-

326 1870 402 1905 tius
477 1869 642 1905 carnalis
717 1868 1044 1913 concupiscentia,

327 1939 439 1973 quam
467 1931 624 1963 sanetur
650 1927 702 1962 IV
728 1927 807 1970 218,
834 1927 888 1961 24.
915 1929 1043 1962 actum

326 1989 386 2021 est
439 1995 505 2030 per
559 1985 694 2031 legem,
746 1988 791 2019 ut
842 1987 1043 2029 peccatum

325 2047 601 2088 agnosceretur
637 2045 675 2078 et
711 2041 1043 2087 praevaricatione

326 2104 533 2146 augeretur
557 2100 609 2135 ΙΙΙ
632 2101 712 2136 681.
738 2101 792 2134 19.
815 2100 900 2145 lege
923 2099 1043 2134 utitur

326 2158 507 2204 legitime,
546 2158 609 2203 qui
650 2157 889 2203 intellegens,
926 2167 1044 2202 quare

327 2217 375 2252 sit
395 2217 498 2252 (lata.
520 2227 585 2261 per
606 2216 687 2251 eius
709 2215 1043 2250 comminationem

326 2274 503 2318 confugit
537 2274 585 2309 ad
621 2273 784 2317 gratiam
819 2273 1044 2308 liberantem

328 2332 379 2366 111
409 2332 487 2375 268,
521 2332 574 2366 19.
607 2335 811 2376 praccepta
841 2331 937 2375 legis
967 2341 1043 2365 non

327 2388 472 2424 viribus
509 2389 684 2424 humanis
721 2389 787 2424 scd
822 2388 947 2432 gratia
982 2388 1043 2423 dci

328 2458 394 2491 per
424 2447 547 2482 Iesum
579 2447 770 2486 Christum
801 2446 1045 2480 observanda

328 2508 418 2538 sunt
447 2504 496 2538 lV
526 2504 604 2539 230.
635 2505 668 2540 7:
698 2504 743 2542 (f.
774 2504 851 2537 218.
882 2504 934 2538 16.
965 2503 1043 2547 219,

328 2562 384 2596 24.
438 2562 516 2605 220,
571 2562 623 2596 17.
677 2562 731 2595 2⁴».
785 2561 863 2605 221,
919 2561 1043 2595 1-19,

327 2619 475 2663 gratiae
514 2619 686 2663 quisquis
726 2620 898 2662 ingratus
938 2618 1044 2653 velut

327 2677 376 2712 ad
423 2677 546 2722 legem
594 2677 822 2721 implendam
871 2676 916 2711 <lv
966 2676 1043 2711 suis

328 2734 473 2770 viribus
500 2734 593 2769 fidit.
621 2735 654 2769 ci
680 2734 722 2769 fit
746 2734 806 2768 lex
834 2744 908 2768 non
934 2733 1043 2768 abso-

328 2793 484 2829 lutionis
507 2793 735 2828 adiutorium
760 2793 824 2828 sed
849 2793 1041 2827 vinculum

329 2852 495 2887 criminis
529 2852 581 2887 III
614 2853 691 2896 268,
724 2853 778 2887 21.
811 2852 875 2898 qui
907 2855 1045 2898 putant

953 181 1096 217 Index
1124 181 1168 216 V.

1126 296 1205 331 suis
1234 295 1380 331 viribus
1408 295 1531 342 legem
1561 297 1769 343 spiritalem
1801 308 1841 333 se

1127 363 1240 398 posse
1281 353 1483 399 complere,
1525 365 1591 400 per
1633 355 1704 390 hoc
1747 355 1841 390 fiunt

1125 422 1202 447 non
1262 412 1384 447 solum
1445 416 1680 458 peccatores,
1740 414 1842 458 quod

1127 473 1267 513 essent,
1292 469 1406 505 etiam
1432 470 1464 506 si
1486 470 1610 516 legem
1635 481 1711 506 non
1735 482 1843 506 acce-

1127 528 1285 572 p1ssent,
1346 528 1412 563 sed
1474 527 1588 563 etiam
1652 529 1842 573 praevari-

1126 589 1290 629 catores,
1329 585 1432 630 quod
1472 595 1549 621 non
1589 590 1729 629 essent,
1769 586 1841 621 nisi

1126 643 1249 688 legem
1290 642 1533 688 accepissent
1572 643 1626 678 IV
1667 644 1746 688 218,
1788 644 1841 678 16.

1126 700 1280 746 quidam
1309 700 1465 736 nimium
1494 701 1686 747 adrogant
1713 702 1836 737 11111113

1125 769 1197 794 1136
1235 758 1439 803 voluntati,
1477 769 1591 804 quam
1629 759 1714 804 lege
1751 759 1843 795 data

1126 819 1264 861 putant
1300 816 1349 851 ad
1384 826 1467 852 eam
1504 816 1734 862 implendam
1771 816 1842 853 sibi

1127 884 1239 919 posse
1269 873 1458 910 sufficere.
1485 884 1553 920 per
1580 885 1741 919 quorum
1769 875 1843 910 dis-

1125 932 1367 976 putationem
1415 931 1611 977 suadetur,
1679 937 1721 968 ut
1770 944 1839 968 nec

1125 1000 1236 1025 orare
1265 989 1484 1034 debeamus,
1513 1000 1560 1025 116
1590 990 1774 1026 intremus
1805 990 1842 1025 111

1126 1047 1417 1092 temptationem
1461 1047 1516 1082 III
1560 1048 1640 1092 272,
1685 1048 1740 1083 22.
1786 1048 1842 1083 25.

1125 1116 1266 1151 magna
1288 1104 1442 1141 videtur
1465 1106 1653 1150 quaestio,
1678 1105 1769 1151 quid
1793 1106 1842 1141 sit

1125 1162 1393 1199 damnabiliter
1438 1173 1522 1199 esse
1568 1162 1639 1199 sub
1681 1163 1765 1210 lege
1808 1164 1842 1199 II

1128 1221 1209 1265 371,
1253 1221 1308 1256 14.
1351 1220 1432 1265 372,
1475 1221 1530 1256 13.
1573 1220 1840 1257 damnabiliter

1127 1283 1216 1314 sunt
1231 1278 1412 1325 sublege,
1437 1289 1534 1325 quos
1559 1289 1645 1315 reos
1670 1279 1763 1315 facit
1777 1279 1839 1315 lex

1125 1347 1203 1373 non
1237 1336 1438 1382 implentes
1471 1336 1608 1383 legem,
1642 1337 1732 1372 dum
1766 1347 1843 1373 non

1126 1395 1385 1441 intellegendo
1426 1395 1574 1440 gratiae
1616 1394 1842 1431 beneficium

1125 1452 1175 1488 ad
1202 1452 1381 1488 facienda
1407 1451 1468 1488 dei
1497 1456 1706 1498 praecepta
1732 1452 1842 1498 quasi

1125 1511 1172 1547 de
1201 1510 1281 1547 suis
1308 1510 1455 1546 viribus
1484 1510 1648 1555 superba
1677 1510 1842 1546 elatione

1125 1571 1375 1613 praesumunt
1408 1568 1444 1603 II
1475 1568 1556 1613 372,
1593 1569 1646 1604 13.

1173 1637 1428 1682 Hieronymus
1462 1637 1506 1672 A.
1539 1638 1717 1673 adserere
1749 1637 1843 1673 dicit

1124 1695 1301 1740 gentiles,
1333 1695 1398 1740 qui
1429 1695 1468 1730 in
1498 1695 1692 1731 Christum
1723 1695 1842 1731 credi-

1125 1753 1284 1798 dissent,
1315 1753 1412 1799 legis
1444 1763 1561 1789 onere
1592 1752 1744 1797 liberos,
1776 1763 1842 1788 eos

1126 1813 1266 1855 autem,
1290 1811 1356 1856 qui
1381 1821 1427 1846 ex
1452 1810 1605 1846 Iudaeis
1630 1810 1841 1846 crederent.

1125 1869 1202 1914 legi
1245 1879 1328 1904 esse
1372 1867 1565 1905 subiectos
1607 1868 1643 1903 II
1684 1868 1763 1913 288,
1805 1868 1840 1911 4;

1126 1927 1173 1968 ct.
1196 1927 1276 1971 303,
1298 1927 1332 1962 3.
1357 1925 1574 1962 ‘observare
1596 1926 1693 1972 legis
1715 1936 1841 1961 63616-

1125 1984 1273 2020 111011135
1315 1995 1392 2019 11011
1434 1987 1563 2029 potest
1604 1993 1688 2019 esse
1731 1983 1842 2019 indit-

1125 2043 1264 2086 ferens,
1301 2042 1368 2077 sed
1403 2045 1470 2077 aut
1505 2042 1646 2076 malum
1683 2044 1742 2077 est
1775 2044 1842 2076 aut

1125 2099 1267 2135 bonum
1294 2102 1366 2143 est3
1395 2103 1437 2135 tu
1464 2099 1560 2134 dicis
1589 2099 1742 2143 bonum,
1770 2109 1841 2143 ego

1125 2159 1262 2193 adsero
1296 2157 1460 2200 malum‘,
1494 2156 1626 2192 scribit
1657 2156 1842 2201 Hierony-

1125 2226 1209 2251 mus
1240 2215 1289 2250 ad
1320 2215 1364 2250 A.
1395 2215 1429 2249 11
1459 2215 1540 2254 311,
1571 2215 1607 2258 7;
1637 2214 1682 2249 A.
1714 2217 1840 2249 31116111

1127 2273 1207 2317 ipse
1231 2276 1438 2318 praecepta
1459 2272 1522 2308 illa
1543 2283 1613 2307 nec
1634 2272 1737 2307 bona
1757 2283 1840 2307 csse

1125 2330 1221 2366 dicit
1257 2341 1326 2366 1166
1365 2334 1492 2365 tamen
1531 2330 1631 2365 mala
1667 2330 1746 2373 363,
1786 2330 1841 2363 20.

1129 2391 1371 2424 sacramenta
1411 2387 1507 2432 legis
1551 2387 1614 2422 illo
1659 2390 1841 2432 tempore,

1127 2457 1202 2491 quo
1227 2446 1387 2490 primum
1412 2445 1498 2480 fidei
1522 2445 1649 2489 gratia
1672 2444 1842 2479 revelata

1127 2507 1195 2538 cst.
1240 2514 1318 2538 non
1360 2506 1470 2537 erant
1513 2502 1730 2547 perniciosa
1772 2502 1842 2538 his.

1127 2561 1190 2606 qui
1223 2572 1267 2596 63
1301 2560 1455 2601 vellent,
1489 2560 1589 2595 sicut
1622 2571 1646 2594 3.
1678 2559 1841 2605 parenti-

1127 2618 1196 2653 bus
1221 2629 1286 2663 per
1308 2618 1428 2663 legem
1452 2621 1694 2662 acceperant,
1716 2620 1841 2652 custo-

1126 2677 1222 2712 dire:
1269 2687 1476 2721 progressu
1519 2685 1611 2710 vero
1646 2670 1839 2719 *temporis

1127 2734 1213 2769 illae
1252 2733 1543 2769 observatiOnes
1581 2735 1629 2768 ab
1666 2731 1840 2767 omnibus

1126 2793 1353 2828 Christianis
1391 2795 1497 2827 crant
1536 2791 1770 2826 deserendae
1809 2791 1839 2824 11

1126 2854 1206 2896 368,
1245 2852 1280 2895 23
1319 2862 1419 2886 nunc
1458 2851 1630 2896 quisquis
1668 2850 1841 2896 quamvis
