2078 3054
316 151 399 194 368
978 170 1121 206 Index
1148 171 1212 207 VI.

316 284 638 316 execramentum:
666 282 766 317 *non
792 283 966 318 conferes
993 294 1078 319 exe-
1113 279 1378 322 exorcizantur
1428 292 1467 324 et
1517 289 1770 326 exsufflantur
1820 292 1873 326 in-

363 343 598 373 cramentum
636 340 673 374 in
711 340 863 375 domum
902 346 1005 375 tuam
1044 341 1076 376 II
1159 344 1284 380 fantes
1308 345 1360 379 IV
1382 345 1461 391 212,
1486 347 1539 382 18.
1563 348 1621 391 203
1645 349 1691 390 cf.
1715 348 1794 394 210,
1819 350 1871 384 16.

364 397 440 441 133,
468 397 502 431 6.
1112 405 1267 437 exortus
1300 403 1355 447 (z
1373 403 1496 449 origo)
1528 406 1677 441 animae
1710 406 1763 441 III
1794 406 1872 451 257,

316 457 514 489 execrator
542 454 727 490 malorum
756 455 791 490 ΙΙ
818 456 896 500 610,
926 456 957 491 2.
1159 459 1213 494 11.
1247 460 1300 495 19.

314 511 499 556 exemplo,
548 522 675 547 —arez
727 512 986 558 *principatus
1038 519 1076 549 et
1111 520 1328 561 expectare:
1365 519 1467 563 quod
1500 519 1561 554 ille
1597 521 1762 557 enodare
1798 522 1871 556 for-

362 573 574 613 potestates
621 571 855 615 exemplavit
899 571 951 606 IlI
996 571 1075 616 372,
1158 574 1258 609 sitan
1294 576 1427 621 possit,
1465 576 1578 622 idque
1616 578 1705 613 dum
1742 579 1871 623 faeiat,

361 626 416 661 21.
444 627 499 662 23.
1157 634 1417 676 expectandus
1454 634 1504 669 sit
1538 634 1590 668 IV
1622 635 1703 680 302,
1737 636 1792 671 23.
1825 657 1871 661 —

314 684 586 729 exemplarium
614 685 647 719 II
675 685 753 730 262,
779 688 801 721 3
829 687 979 731 (Hier).
1156 699 1242 724 cum
1292 691 1375 731 inst.-
1424 701 1658 736 cognoscere
1709 697 1870 738 expecto

314 742 575 778 exercitatorii
601 743 750 779 labores
778 744 793 778 I
820 745 876 788 84,
903 745 957 780 13.
1156 746 1191 781 II
1217 747 1273 792 83,
1301 748 1358 792 183
1387 749 1433 790 cs.
1461 749 1540 794 577,
1568 749 1623 784 21.
1652 750 1705 784 ΙΙΙ
1732 750 1809 795 133,
1836 751 1869 785 5.

313 799 491 835 exhibere
523 810 609 835 cum
639 801 720 843 insa
753 801 876 837 *sicut
906 802 1074 838 exhibui·
1109 807 1332 848 expectator
1365 806 1632 851 temporalium
1665 807 1682 842 Ι
1715 807 1793 853 124,
1827 809 1870 843 14

360 859 429 894 stis
455 859 624 895 membra
647 864 779 895 vestra
802 860 995 897 deservire
1021 862 1074 897 in·
1155 862 1279 906 (Paul.
1283 863 1309 906 ).

359 917 568 953 munditiae
601 921 671 953 etc.
707 918 760 952 III
793 918 872 963 270,
906 920 936 953 4.
969 934 1072 947 —z
1109 929 1313 964 expensae:
1355 921 1387 955 si
1427 921 1503 956 tuis
1545 922 1752 967 inopinatis
1793 933 1869 958 non

358 974 563 1010 abducere:
597 976 735 1011 missus
769 986 862 1020 sum,
896 980 939 1011 ut
972 977 1073 1012 exhi-
1154 977 1332 1013 feriretur
1362 980 1539 1024 expensis
1572 980 1624 1015 IV
1653 981 1732 1025 625,
1762 981 1794 1016 8.

358 1031 467 1067 bearn
499 1036 646 1077 patrem
677 1043 802 1068 meum
834 1034 886 1068 111
918 1034 997 1078 495,
1030 1034 1073 1069 24
1108 1035 1345 1079 expiationes
1375 1037 1601 1081 purissimae
1631 1038 1789 1084 (Lonq.)
1818 1038 1869 1073 IV

357 1089 528 1135 (Evod.).
559 1101 652 1135 puer
685 1091 876 1127 exhibitus
907 1092 1072 1137 quodam
1153 1093 1232 1138 520,
1264 1094 1318 1129 18.
1348 1094 1428 1139 522,
1459 1095 1513 1130 13.
1545 1095 1600 1130 20.

357 1147 470 1183 modo
502 1148 627 1194 pergit
657 1148 710 1183 ΙΙΙ
740 1149 819 1193 495,
850 1150 871 1185 9
902 1150 1071 1195 (Evod.).
1107 1149 1295 1195 >*expletio
1335 1151 1481 1187 dierum
1518 1152 1795 1198 purificationis
1834 1153 1867 1188 ΙΙ

311 1205 494 1242 exhibitio
527 1206 562 1241 II
592 1207 673 1251 597,
705 1207 759 1242 16.
1151 1208 1230 1253 299,
1261 1209 1314 1243 12.

311 1263 527 1299 exhiemare
554 1263 589 1298 II
617 1264 696 1309 736,
723 1265 745 1300 6
772 1265 927 1310 (Fctum.
1107 1265 1336 1310 *expoliatio
1363 1267 1416 1302 III
1440 1267 1520 1313 372,
1545 1269 1578 1303 3.

310 1320 560 1356 exhonorare:
625 1321 798 1357 Christus
861 1323 1071 1358 exhonora-
1105 1323 1294 1368 expositio
1336 1327 1467 1361 tantae
1508 1325 1618 1360 molis
1660 1335 1866 1371 corporeae

356 1382 418 1414 tus
446 1383 561 1425 atque
591 1379 795 1416 crucifixus
824 1384 882 1415 est
911 1380 964 1415 IV
991 1381 1072 1425 432,
1151 1381 1205 1416 III
1235 1382 1315 1427 496,
1348 1382 1392 1417 16
1423 1382 1593 1427 (Evod.).

355 1438 391 1480 33
420 1437 467 1479 cf.
496 1437 531 1472 II
560 1438 638 1483 163,
667 1438 699 1473 1.
1104 1439 1343 1484 expositores
1378 1440 1595 1476 divinorum
1630 1440 1866 1486 eloquiorum

309 1495 502 1530 exhortari
529 1505 632 1541 pass.
661 1495 696 1530 II
722 1496 801 1539 553,
831 1497 884 1531 14.
912 1496 964 1530 IV
990 1496 1069 1540 491,
1198 1496 1250 1532 IV
1279 1497 1358 1542 261,
1388 1498 1447 1541 24;
1477 1498 1524 1539 cf.
1554 1498 1632 1543 407,
1663 1499 1694 1534 8.
1724 1498 1804 1543 530,
1833 1499 1865 1533 6.

355 1554 409 1588 13.
1103 1563 1321 1598 expressus:
1369 1555 1594 1590 nominatim
1640 1556 1677 1590 in
1723 1555 1865 1591 scelere

308 1612 531 1647 exhortator
557 1611 592 1646 II
617 1611 673 1656 27,
701 1612 755 1646 15.
783 1611 835 1647 IV
861 1612 940 1655 425,
967 1612 1022 1647 18.
1150 1611 1366 1647 schismatis
1394 1613 1565 1657 expressi
1593 1614 1648 1657 (z
1665 1613 1866 1658 nominati)

307 1669 591 1704 exhortatoriae
619 1669 885 1705 similitudines
912 1669 964 1704 IV
989 1669 1068 1712 569,
1149 1669 1184 1703 II
1215 1670 1293 1714 148,
1324 1670 1378 1706 18.

354 1728 385 1762 4.
418 1727 569 1763 litterae
600 1728 681 1772 343,
713 1728 746 1763 4.
1103 1727 1307 1763 exsufflare
1344 1743 1385 1757 Ξ
1423 1728 1634 1763 destruere:
1683 1728 1864 1764 vexillum

307 1786 473 1830 exigere:
524 1785 722 1830 Crispinus
772 1786 903 1822 decem
952 1785 1068 1821 libras
1150 1784 1251 1830 regis
1293 1785 1310 1819 Ι
1351 1785 1407 1829 67,
1451 1786 1505 1830 16,
1548 1789 1790 1821 sacramenta
1829 1786 1863 1820 II

353 1844 436 1878 auri
464 1853 542 1878 non
569 1847 627 1878 est
656 1846 814 1879 exactus
843 1843 877 1878 II
904 1844 985 1889 598,
1014 1844 1068 1880 13.
1150 1843 1228 1887 106,
1262 1843 1318 1878 20.
1352 1843 1404 1878 IV
1436 1844 1469 1887 8,
1501 1843 1533 1888 6,
1567 1843 1797 1888 baptismum
1830 1843 1865 1878 II

354 1901 506 1946 exigere
540 1900 751 1937 debitorem
784 1901 836 1936 IV
871 1902 925 1946 14,
958 1902 990 1937 7.
1023 1923 1070 1927 —
1149 1900 1227 1944 103,
1258 1901 1290 1935 1.
1322 1900 1399 1945 148,
1428 1901 1460 1935 6.
1492 1901 1545 1935 14.
1576 1901 1627 1935 IV
1657 1901 1713 1945 41,
1743 1901 1788 1935 26
1815 1901 1862 1936 al.

352 1968 438 2001 cum
473 1959 557 2000 infi:
593 1959 724 2004 exigar
758 1959 931 2004 probare,
966 1959 1068 2004 quod
1147 1959 1534 2003 sim.—:purgare,
1556 1958 1732 1994 liberare:
1755 1969 1864 1994 exor-

352 2015 488 2061 loquor
519 2016 553 2051 II
584 2017 664 2061 616,
695 2016 750 2051 24.
782 2017 829 2052 de
860 2017 917 2053 his
949 2016 1068 2052 taceri
1148 2015 1320 2050 cizantur
1349 2019 1389 2051 et
1416 2015 1668 2051 exsufflantur
1696 2016 1863 2051 infantes

351 2073 511 2119 exigunt
542 2074 595 2109 IV
627 2074 706 2118 459,
739 2074 782 2108 12
814 2075 996 2119 (Prosp.).
1148 2072 1200 2107 IV
1228 2073 1307 2117 212,
1336 2074 1391 2109 18.
1421 2074 1476 2109 20.

305 2131 483 2166 eximere:
519 2131 584 2166 illa
616 2131 698 2166 vita
731 2132 872 2167 eximet
903 2132 1067 2167 animam
1101 2130 1488 2175 exsuperantissimus
1519 2131 1613 2166 deus
1644 2130 1679 2165 ΙΙ
1708 2131 1787 2174 579,
1820 2131 1862 2165 14

351 2192 521 2223 nostram
551 2189 600 2224 de
629 2192 750 2224 morte
781 2193 820 2224 et
848 2190 941 2225 illud
971 2190 1068 2225 sola·
1147 2188 1304 2232 (Nect.).

351 2246 450 2280 cium
485 2246 618 2282 oculos
653 2250 807 2282 nostros
843 2257 865 2282 a
900 2247 1066 2283 lacrimis
1100 2245 1243 2280 extasis
1272 2245 1325 2280 III
1352 2246 1433 2290 305,
1464 2245 1518 2280 12.
1548 2245 1628 2290 322,
1660 2246 1713 2280 16.

351 2303 404 2337 III
430 2304 485 2348 45,
514 2303 591 2338 *16.
618 2314 642 2338 a
666 2314 827 2349 quorum
853 2315 967 2339 manu
993 2305 1065 2340 iste
1100 2302 1319 2338 extendere:
1355 2303 1387 2338 si
1419 2303 1532 2338 deum
1565 2302 1705 2347 ubique
1738 2305 1861 2338 totum

355 2370 395 2395 se
410 2361 524 2395 eximi
539 2364 717 2405 precatur
732 2361 785 2395 III
799 2362 878 2407 438,
893 2363 928 2406 73
945 2362 992 2404 cf.
1009 2362 1062 2397 16.
1146 2360 1319 2405 cogitare
1351 2364 1388 2396 te
1423 2360 1597 2395 extendis
1631 2360 1683 2395 IV
1718 2360 1795 2404 118,
1827 2360 1860 2394 6.

305 2418 503 2454 eximietas
547 2419 696 2455 titulus:
738 2419 774 2453 Π
815 2419 870 2464 25,
912 2420 966 2454 24.
1010 2420 1066 2464 28,
1103 2417 1546 2463 exulatuszrelegatus
1599 2417 1652 2451 IV
1705 2417 1785 2461 480,
1839 2417 1856 2451 1

350 2476 383 2510 9.
409 2476 486 2519 214,
511 2477 543 2511 5.
569 2477 648 2521 218,
672 2477 714 2511 21
740 2477 787 2523 al.
1146 2474 1267 2519 (Hit).

304 2533 548 2569 exitiabiliter
579 2544 705 2569 errare
738 2534 789 2568 IV
822 2535 900 2579 122,
930 2535 963 2570 9.
1099 2532 1285 2567 exultare:
1306 2532 1471 2568 *servite
1491 2532 1646 2568 domino
1666 2532 1704 2566 in
1725 2531 1859 2567 timore

303 2592 484 2626 exochas:
522 2601 591 2626 nec
628 2591 822 2627 ambulare
856 2602 926 2627 nec
963 2595 1064 2627 stare
1145 2592 1184 2624 et
1218 2589 1389 2625 exultate
1422 2589 1456 2625 ei
1491 2599 1576 2624 cum
1610 2592 1773 2638 tremore
1807 2588 1859 2623 IV

349 2658 419 2683 nec
478 2648 611 2684 sedere
670 2659 825 2694 possum
884 2649 1064 2694 rhagadis
1146 2648 1200 2692 17,
1247 2648 1302 2682 17.
1346 2668 1394 2672 —
1438 2658 1523 2682 cum
1568 2657 1646 2682 acc.
1693 2650 1731 2682 et
1776 2647 1859 2688 ints

349 2705 412 2741 vel
443 2706 650 2741 exochadis
682 2706 813 2741 dolore
847 2710 886 2741 et
916 2710 1064 2741 tumore
1144 2704 1371 2740 exultabunt
1406 2704 1519 2740 citius
1555 2704 1720 2748 venisse,
1757 2703 1857 2748 quod

349 2763 384 2797 II
414 2763 470 2807 64,
502 2764 556 2799 18.
1143 2762 1308 2807 diligunt
1342 2762 1394 2796 IV
1427 2762 1505 2806 291,
1538 2762 1569 2796 4.

303 2819 498 2855 *exoratio
528 2831 594 2865 pro
624 2821 793 2865 peccatis
821 2821 873 2855 III
900 2821 980 2865 361,
1009 2821 1063 2855 12.
1098 2820 1247 2854 exustio
1279 2819 1313 2853 II
1345 2819 1424 2864 410,
1456 2819 1499 2854 16
1530 2820 1723 2864 (imperat.
1754 2818 1856 2862 litt).
