2078 3054
0 440 6 457 A.
0 375 7 426 ..w-

247 612 517 648 Hannibal
560 613 613 647 III
658 613 734 657 143,
775 613 806 647 8.
858 611 1021 646 Hanni-,¹

243 845 546 880 hastarium
580 855 611 879 v.
644 855 780 880 emere.

242 903 261 936 h
279 913 297 937 e
313 903 336 938 b
351 903 373 937 d
389 913 410 937 o
427 914 459 937 m
477 913 498 937 a
514 902 537 937 d
553 913 571 937 e
588 914 604 937 s
640 902 838 938 Danihelis
873 906 998 937 utrum

235 2461 400 2497 llebio
417 2475 437 2498 n
481 2469 516 2499 et
560 2464 763 2499 Cerinthus
806 2465 988 2500 haeretici

913 150 1054 186 Index
1083 150 1127 185 V.
1717 137 1801 179 229

293 268 348 304 41,
386 267 437 301 14.
474 266 571 301 varii
608 266 885 301 haereticorum
921 275 1023 309 gre-v

294 336 372 369 ges,
414 324 478 370 qui
520 324 562 359 A.
603 328 713 359 erant
753 327 926 367 tempore
967 321 1022 374 ,ΙΙ1

292 383 371 426 676,
399 382 454 417 21.
483 382 527 416 A.
556 382 669 417 valde
697 381 821 416 doluit
849 380 1022 415 Bonifa-'

292 441 386 475 tium
410 440 641 475 haereticam
664 440 821 474 duxisse
844 449 1001 474 uxorem
1021 434 1022 459 3

291 502 405 542 atque
451 497 637 532 haeresim
680 497 762 532 eius
807 497 844 532 in
887 496 1022 541 domo,

292 566 361 591 sua
393 555 655 599 praevaluisse
686 555 738 589 IV
767 555 845 598 433,
875 555 930 589 24.
1020 593 1021 598 ¹

291 671 412 707 halem
444 671 663 706 iuveniliter
694 671 930 706 exultantem
959 669 1000 711 Q.

291 729 478 764 Maximus
529 729 717 772 patientia
768 739 835 763 sua
887 727 1000 772 fregit

293 787 324 821 ΙΙ
353 788 429 831 258,
456 788 487 821 6.

288 961 410 1004 primo
441 961 611 996 adventu
643 960 787 995 domini
819 960 997 1004 impletae

288 1019 375 1054 sint.
405 1030 453 1053 an
481 1019 592 1054 tinem
623 1018 766 1055 saeculi
794 1018 998 1063 propheta-

288 1077 425 1121 verint,
464 1088 513 1111 an
552 1077 601 1112 ad
640 1081 842 1121 utrumque
882 1076 998 1120 perti-

289 1140 401 1169 neant
434 1135 483 1168 IV
500 1135 647 1170 261.10.
677 1145 751 1179 quo
778 1134 890 1169 modo
919 1145 997 1178 my-

287 1192 443 1227 sterium
482 1192 807 1227 hebdomadarwm
847 1192 893 1227 sit
933 1192 997 1226 im-

287 1250 430 1294 pletum
460 1261 579 1295 usque
609 1251 657 1285 ad
686 1250 928 1285 nativitatem
959 1254 994 1285 et

286 1308 504 1352 passionem
573 1308 714 1342 Christi
785 1309 996 1343 admiratur

286 1365 514 1410 Hesychius:
556 1366 604 1401 ad
645 1366 853 1401 secundum
895 1366 994 1401 enim

285 1424 429 1458 domini
461 1424 670 1459 adventum
702 1424 739 1459 id
769 1428 879 1468 putat
913 1434 996 1467 per-

285 1481 405 1516 tinere
442 1481 494 1515 IV
529 1482 607 1523 242,
644 1482 675 1516 8.
714 1482 791 1525 259,
830 1482 882 1517 18.
919 1492 994 1516 non

285 1544 373 1574 ante
416 1540 634 1583 passionem
677 1539 821 1574 domini
864 1540 994 1583 imple-

284 1602 345 1632 tae
379 1602 465 1632 sunt
498 1597 549 1631 lv
581 1598 658 1641 271,
690 1599 722 1632 4,
754 1602 810 1632 tot
843 1597 994 1641 exposi-

283 1660 386 1690 tores
463 1655 680 1690 divinorum
756 1655 1015 1700 eloquiorumj

283 1713 378 1747 hanc
437 1713 677 1757 prophetiam
738 1724 812 1748 non
872 1713 1014 1753 solum}

282 1771 568 1814 computatione
609 1776 822 1814 temporum
861 1782 992 1806 verum

284 1828 397 1863 ctiam
451 1829 562 1863 rebus
616 1829 710 1872 ipsis
763 1829 990 1873 completam

283 1886 399 1921 fuisse
435 1887 700 1921 demonstrant
737 1886 788 1921 lv
823 1887 900 1923 261.
937 1888 990 1921 24.

283 1944 375 1979 illud
400 1944 446 1979 (le
470 1945 770 1980 hebdomadibus
794 1944 991 1980 Danihelis

283 2003 490 2037 secundum
540 2007 703 2046 tempus,
764 2004 866 2047 quod
917 2004 989 2037 iam

281 2064 515 2095 transactum
563 2065 632 2103 est,
692 2061 989 2104 intellegendum

283 2122 390 2160 putat
431 2118 473 2152 A.
509 2118 559 2152 IV
597 2118 675 2162 231,
714 2119 767 2153 14.
806 2118 990 2164 Hierony-

281 2186 363 2209 mus
393 2175 621 2210 teineritatis
650 2181 757 2211 notat
787 2177 990 2221 quendam,

281 2233 343 2277 qui
377 2244 492 2267 ausus
526 2233 639 2269 fuerit
673 2233 870 2269 Danihelis
904 2235 989 2269 heb-

280 2290 465 2326 ‹lomadas
518 2291 564 2327 de
620 2292 790 2327 adventu
848 2292 989 2327 Christi

281 2349 420 2384 futuro.
463 2359 537 2383 non
582 2350 628 2383 ‹le
674 2350 882 2392 praeterito
927 2360 989 2385 ex-

281 2416 422 2448 ponere
454 2406 505 2440 lV
536 2407 613 2448 234,
644 2407 697 2441 21.
849 2403 854 2409 ’

279 2525 437 2564 propter
472 2522 541 2556 het·
580 2522 700 2557 solum
737 2523 989 2558 anathemati-

280 2580 355 2614 zati
404 2583 503 2621 sunt,
551 2580 674 2625 inquit
719 2579 987 2625 Hieronymus

279 2636 379 2680 quod
416 2636 512 2682 legis
549 2638 810 2673 caeremonias
846 2638 986 2673 Christi

278 2693 481 2739 evangelio
541 2695 776 2730 miscuerunt
835 2700 872 2731 et
933 2696 987 2730 sie

279 2760 381 2786 nova
420 2752 586 2786 confessi
629 2757 728 2795 sunt,
771 2758 810 2788 ut
853 2750 1007 2788 vetera'

280 2818 354 2844 non
382 2809 602 2845 amitterent
629 2809 663 2844 II
687 2811 767 2855 303,
792 2812 824 2847 8.
851 2811 889 2846 in
915 2810 986 2846 He-

1089 264 1213 299 bionis
1238 264 1414 300 haeresin
1442 265 1568 302 delabi
1599 265 1632 299 II
1659 266 1737 309 303,
1766 266 1797 301 8.

1087 323 1166 366 366,
1197 323 1249 357 16.
1280 323 1316 357 in
1346 323 1529 358 Hebionis
1558 323 1715 369 laqueos
1745 324 1797 358 in-

1088 390 1239 417 currere
1272 380 1307 414 II
1338 381 1415 425 311,
1448 381 1501 415 12.

1041 436 1073 471 Η
1088 450 1107 473 e
1123 438 1206 473 bio
1224 449 1246 472 n
1263 439 1272 472 i
1288 443 1301 472 t
1317 449 1339 472 a
1353 449 1372 473 e
1423 439 1662 474 Christianos
1714 450 1797 474 esse

1088 507 1126 531 se
1157 497 1387 532 simulabant
1417 497 1451 530 ΙΙ
1480 497 1558 541 303,
1589 497 1642 532 12.

1042 553 1403 589 Hebraeorum
1432 565 1498 598 per
1525 560 1677 599 gentem
1693 555 1797 590 Chri-

1087 617 1168 647 stus
1222 613 1278 647 sui
1332 613 1523 648 adventus
1576 613 1796 648 manifesta-

1087 670 1228 705 tionem
1297 671 1478 715 congruis
1544 672 1794 706 sacramentis

1086 729 1364 773 praefiguravit
1402 728 1436 762 II
1477 730 1555 773 554,
1598 730 1626 763 1.
1666 730 1796 764 mirari

1086 797 1124 821 se
1168 787 1261 822 (licit
1307 787 1361 823 Α..
1407 788 1437 822 si
1481 787 1624 832 aliquid
1671 788 1794 821 adhuc

1085 843 1340 880 iri-Hebraeis
1374 845 1657 888 exemplaribus
1693 846 1795 879 inve-

1085 902 1241 938 niretur,
1297 903 1395 947 quod
1454 907 1508 937 tot
1565 904 1794 946 interpretes

1084 960 1185 995 illius
1214 960 1367 1005 linguae
1398 961 1650 1005 peritissimos
1678 962 1794 1006 fugis-

1084 1022 1141 1053 set
1178 1018 1213 1052 ΙΙ
1250 1019 1327 1064 106,
1363 1019 1394 1054 3.
1434 1018 1610 1054 Hiericho
1647 1020 1685 1054 in
1724 1019 1793 1053 He-

1082 1077 1197 1111 braeo
1231 1077 1383 1121 eloquio
1416 1077 1542 1112 lunam
1578 1078 1793 1121 significat(—

1083 1134 1223 1169 ‹licitur
1251 1134 1285 1168 ΙΙ
1317 1135 1392 1177 181,
1421 1136 1452 1169 5.

1036 1191 1240 1227 Helena.
1288 1192 1520 1228 Graecorum
1572 1193 1606 1227 II
1656 1193 1710 1237 78,
1761 1194 1792 1227 2.

1087 1251 1328 1285 Stesichorus
1384 1251 1482 1286 inter
1539 1252 1790 1295 vituperatio-

1082 1319 1166 1344 nem
1218 1314 1253 1344 et
1302 1309 1436 1344 laudes
1486 1308 1653 1344 Helenae
1704 1309 1791 1343 ilus·-

1081 1371 1194 1401 tuans
1227 1366 1262 1400 ll
1290 1367 1369 1407 240,
1401 1367 1454 1401 10.

1033 1424 1176 1463 Heli,-
1208 1424 1396 1459 nefandos
1452 1424 1549 1460 filios
1603 1425 1790 1460 tolera-bat

1081 1482 1259 1518 Samuhel
1291 1482 1326 1516 11
1359 1482 1436 1527 105,
1467 1484 1498 1518 5.

1033 1539 1221 1575 Helias
1265 1546 1302 1576 et
1347 1541 1488 1585 Enoch,
1533 1552 1628 1586 quos
1673 1542 1790 1576 finitis

1080 1599 1250 1642 peccatis
1311 1599 1434 1634 voluit
1494 1599 1589 1635 deus
1645 1600 1788 1635 vivere.

1080 1666 1155 1691 non
1198 1656 1257 1691 hic
1298 1657 1474 1700 permissi
1516 1662 1603 1692 sunt
1645 1658 1789 1698 vivere,

1079 1715 1258 1759 quoniam
1283 1715 1342 1749 hic
1369 1716 1570 1760 quisquam
1597 1716 1677 1751 sine
1704 1727 1789 1760 pev-

1079 1776 1164 1807 cato
1197 1783 1272 1807 non
1305 1777 1432 1816 potest
1463 1774 1594 1808 vivere
1628 1774 1677 1807 lv
1712 1774 1788 1809 172.

1080 1830 1132 1865 12.
1170 1833 1310 1867 mortui
1348 1841 1424 1866 non
1462 1837 1561 1866 sunt.
1597 1832 1662 1866 seael
1703 1843 1785 1866 cum

1079 1888 1157 1923 suis
1199 1889 1423 1932 corporibus
1466 1900 1512 1924 ex
1556 1890 1628 1924 ista
1671 1890 1787 1924 homi-

1077 1957 1164 1981 num
1198 1947 1492 1982 conversatione
1527 1948 1703 1982 translati
1736 1948 1787 1981 IV

1080 2004 1154 2047 170,
1188 2005 1239 2039 17.
1270 2005 1346 2047 172,
1376 2005 1410 2040 8:
1441 2005 1486 2045 cf.
1520 2005 1594 2045 171,
1623 2006 1677 2040 27.
1710 2006 1784 2040 172.

1076 2062 1107 2096 4.
1153 2067 1322 2097 attamen
1366 2063 1437 2106 ipsi
1481 2074 1631 2108 quoque
1675 2064 1785 2098 mori-

1076 2120 1150 2154 turi
1182 2124 1318 2162 postea
1348 2121 1595 2164 perhibentur
1626 2121 1676 2155 IV
1710 2122 1784 2156 170.

1075 2178 1132 2212 20:
1165 2178 1300 2213 melius
1331 2178 1431 2214 enim
1464 2179 1567 2215 credi
1599 2184 1708 2223 putat
1742 2180 1784 2213 A.

1075 2245 1140 2270 eos
1169 2236 1374 2271 morituros
1404 2237 1441 2271 in
1471 2238 1601 2271 mundi
1632 2238 1704 2272 fine
1734 2237 1784 2271 lY

1081 2293 1155 2336 172,
1202 2294 1253 2328 16.
1300 2294 1431 2329 horum
1477 2295 1662 2338 exemplis
1706 2306 1779 2329 non

1074 2355 1203 2394 potest
1268 2352 1420 2386 ostendi
1487 2363 1561 2387 non
1626 2358 1782 2396 propter

1073 2413 1273 2452 peccatum
1337 2409 1509 2445 homines
1574 2411 1781 2445 secundum

1074 2476 1212 2510 corpus
1241 2467 1335 2501 mori
1365 2467 1415 2502 IV
1448 2469 1522 2502 170.
1551 2469 1605 2502 27.
1635 2469 1672 2503 in
1699 2478 1781 2511 per-

1073 2534 1167 2559 sona
1193 2524 1325 2559 Heliae
1352 2526 1562 2569 prophetae
1589 2526 1781 2570 accipiun-

1072 2586 1132 2616 tur
1185 2581 1220 2616 ΙΙ
1269 2582 1348 2626 201,
1402 2583 1431 2617 1.
1485 2584 1780 2628 quadragesima

1072 2639 1294 2674 ieiuniorum
1349 2640 1460 2675 hahet
1514 2641 1780 2676 auctoritatem

1071 2707 1118 2731 ex
1163 2697 1304 2732 ieiunio
1350 2697 1482 2733 Heliae
1528 2698 1560 2731 ll
1605 2698 1683 2742 200,
1727 2698 1778 2732 10.

1072 2754 1223 2798 Moyses
1263 2759 1300 2789 et
1340 2754 1470 2789 Helias
1511 2756 1601 2790 nihil
1644 2761 1777 2790 contra

1070 2812 1233 2856 prandia
1292 2813 1535 2848 sabbatorum
1594 2814 1776 2849 fecerunt.
