2078 3054
283 122 338 163 60
919 130 1054 164 inam
1086 129 1156 163 ιιι.

283 250 375 285 latio
411 249 584 284 arcessiti
625 249 760 282 fretum
798 246 1030 281 Gaditanum
1069 244 1313 280 traiecerunt.
1362 254 1474 288 quam
1511 242 1558 276 ob
1600 252 1675 276 rem
1714 241 1790 285 cpi-

282 308 380 342 stula
425 307 492 340 220
536 306 678 349 scripta
723 316 806 339 esse
850 304 1003 339 videtur
1051 303 1149 337 intra
1195 312 1336 337 annum
1382 302 1448 335 4:27
1481 305 1707 335 -extremuni
1754 304 1789 335 et

285 366 474 400 ineuntem
497 364 575 398 429.
1764 354 1776 358 “

423 432 617 477 Epistulae
643 431 722 466 221.
749 431 829 465 222.
855 430 934 465 223.
961 429 1028 463 224

281 513 362 537 cum
397 501 601 544 Augustini
633 500 726 535 libro
758 500 804 535 (le
837 498 1056 534 haeresibus
1088 509 1120 532 a.
1151 497 1218 532 428
1250 497 1298 532 ad
1328 496 1638 539 Quodvultdeum
1673 496 1789 530 misso

282 561 486 594 cohaercnt-
508 569 670 602 eumquc
693 557 861 602 proxime
885 559 1186 590 antecesserunt.
1209 558 1324 599 atque
1349 554 1467 598 pri-na
1491 554 1642 598 quidem
1667 552 1791 595 Quod-

281 618 459 652 vultdeus
487 616 755 661 Augustinum.
785 621 823 649 ut
855 614 930 650 tale
958 624 1055 657 opus
1083 613 1352 656 conscriberet,
1380 613 1604 647 exhortatus
1632 616 1701 646 est.
1740 612 1789 646 ad

280 676 379 720 quod
405 674 641 719 Augustinus
663 673 811 708 duabus
833 671 1019 717 epistulis,
1046 682 1158 716 quam
1182 674 1285 706 esset
1308 670 1377 704 hoc
1401 669 1568 704 difficile.
1592 669 1789 713 rescripsit

279 733 400 767 altera
423 742 478 766 co
494 742 516 766 n
532 731 611 766 tin
627 741 686 765 uo
711 735 863 774 reperta
888 729 1090 764 occasione
1116 729 1237 763 altera
1261 727 1377 772 paulo
1404 728 1532 771 ¹nost.¹)
1572 727 1646 765 illa,
1675 738 1788 772 quam

278 789 569 832 Quodvultdeus
602 789 770 824 nondum
803 788 851 823 ad
886 798 924 822 se
959 786 1180 831 pervenisse
1214 786 1251 820 in
1284 785 1451 829 epistula.
1483 784 1549 819 223
1583 784 1787 828 adnotat‚‘-¹)

280 858 354 883 non
386 848 523 882 mansit
557 847 605 882 ad
642 851 809 881 nostram
845 844 1077 889 memoriam,
1110 844 1202 879 haec
1236 847 1294 879 est
1327 842 1494 887 epistula
1527 841 1604 876 222.
1650 841 1789 877 deinde

278 905 442 949 epistula
476 905 542 940 223
576 903 867 947 Quodvultdeus
905 903 953 946 id,
989 903 1088 947 quod
1125 902 1329 946 petiverat.
1364 900 1628 935 vehementius
1662 909 1790 943 perse-

276 963 473 1008 quebatur.
504 963 677 1006 profecto
697 963 810 1003 enim,
832 961 923 996 dicit
944 961 991 995 ad
1013 964 1237 1004 extremum,
1261 970 1330 994 nec
1350 969 1421 1003 eqo
1444 959 1598 1002 pulsare
1619 957 1789 998 cessabo,

279 1022 401 1055 donec
442 1022 523 1066 ipse
565 1020 765 1061 concedas,
806 1023 859 1062 ut,
900 1019 1001 1063 quod
1046 1028 1118 1052 non
1162 1020 1344 1063 impetrat
1387 1016 1645 1061 ῃνῖυῑῐρῃὶῑηη,
1687 1015 1789 1060 quod

280 1079 423 1113 mellum
467 1081 537 1119 est,
580 1079 812 1118 meritorum,
856 1077 990 1111 saltem
1036 1075 1230 1115 indefessa
1274 1075 1545 1117 importunitas
1590 1075 1790 1107 mereatur.

278 1135 442 1180 denique
487 1135 725 1180 Augustinus
770 1134 934 1179 epistula
982 1133 1048 1167 224
1092 1133 1173 1168 eius
1217 1132 1420 1176 voluntati,
1467 1142 1581 1176 quam
1627 1130 1788 1175 primum

277 1198 417 1237 posset,
453 1204 491 1228 se
524 1193 875 1236 obtemperaturum
907 1202 989 1227 esse
1023 1191 1204 1227 ostendit.
1248 1190 1314 1226 sed
1346 1200 1391 1225 eo
1423 1194 1595 1233 tempore
1627 1198 1790 1233 occupa-

277 1250 446 1284 tissimus
481 1254 563 1285 erat
598 1250 635 1284 in
671 1250 890 1285 refellendis
925 1249 1031 1284 libris
1065 1248 1215 1292 Iuliani,
1250 1259 1346 1293 quos
1383 1247 1445 1283 ille
1479 1252 1567 1283 octo
1602 1247 1788 1282 ediderat.

276 1318 322 1341 ex
354 1309 490 1353 quibus
522 1306 684 1352 Alypius
716 1307 894 1352 quinque,
926 1306 1037 1341 simul
1068 1316 1112 1341 ac
1145 1306 1290 1341 Romae
1321 1305 1538 1349 descripsit,
1571 1304 1787 1349 Augustino

278 1366 540 1400 transmiserat
568 1365 793 1410 promittens
821 1364 987 1409 reliquos
1015 1368 1091 1399 tres
1119 1364 1196 1399 cito
1224 1374 1307 1399 esse
1336 1363 1537 1397 missurum
1565 1366 1601 1397 et
1630 1362 1787 1396 multum

277 1422 435 1466 instans,
478 1434 524 1458 ne
566 1431 792 1466 responsum
837 1421 1019 1457 differret.
1073 1422 1203 1467 itaque
1249 1421 1487 1467 Augustinus
1529 1425 1618 1456 tunc
1662 1420 1787 1463 ipsum

274 1485 411 1525 quarto
431 1481 664 1524 respondere
684 1481 758 1515 iam
779 1484 970 1525 coeperat,
990 1480 1092 1525 quod
1112 1480 1267 1525 quando
1287 1479 1562 1524 explicavisset
1577 1479 1787 1524 quintoque

275 1538 550 1582 respondisset,
593 1538 624 1572 si
663 1542 742 1573 tres
783 1548 859 1573 non
903 1537 1229 1582 supervenissent„
1270 1538 1307 1572 id
1349 1537 1450 1582 quod
1494 1535 1786 1579 Quodvultdeus

275 1601 462 1638 posceret.
489 1596 728 1640 incepturum
758 1606 796 1631 se
824 1606 907 1631 esse
935 1595 1146 1631 declaravit
1176 1595 1287 1630 simul
1314 1599 1490 1640 agentem
1520 1599 1722 1639 utrumque
1749 1582 1785 1629 et

275 1653 343 1687 hoc
385 1654 530 1688 scilicet
570 1659 608 1689 et
646 1653 916 1698 opusculorum
961 1664 1114 1688 suorum
1156 1653 1467 1688 retractationem
1508 1652 1706 1687 nocturnis
1749 1655 1785 1687 et

275 1711 419 1746 diurnis
448 1711 680 1755 temporibus
710 1711 747 1745 in
776 1711 925 1755 singula
953 1711 1209 1755 ‹listri}›11tis.³)
1239 1722 1324 1745 nam
1353 1709 1683 1745 Retractationum
1711 1709 1786 1744 duo

276 1768 348 1802 iam
380 1769 576 1804 volumina
606 1768 719 1804 modo
752 1768 983 1807 absolverat.
1015 1769 1052 1804 in
1086 1769 1214 1803 animo
1245 1775 1372 1804 autem
1404 1769 1568 1803 habebat
1600 1768 1786 1813 epistulas

276 1836 426 1870 (quoque
457 1831 494 1861 et.
524 1826 699 1862 homilias
731 1826 983 1864 retractare.⁴)
1029 1827 1065 1861 id
1098 1827 1209 1861 simul
1240 1837 1323 1861 cum
1355 1826 1450 1860 libro
1481 1826 1527 1861 de
1560 1826 1780 1861 haeresibus

276 1883 400 1918 iacere
432 1885 643 1918 constituit.
686 1895 769 1918 cum
803 1884 917 1928 igitur
945 1884 1040 1918 libro
1071 1885 1146 1919 ‹luo
1178 1884 1507 1919 lletractationum
1538 1895 1571 1918 a.
1602 1884 1669 1918 427
1699 1894 1786 1918 con-

277 1941 366 1975 lecti
390 1952 473 1976 esse
498 1941 702 1976 videantur
726 1947 761 1976 et
788 1942 880 1976 liber
904 1941 950 1977 de
976 1942 1196 1977 haeresibus
1221 1953 1253 1976 a.
1278 1942 1356 1985 428,
1382 1942 1570 1985 epistulae
1595 1942 1777 1976 221-224

275 1998 375 2032 intra
400 2009 521 2033 annos
550 1999 733 2033 427-428
757 2009 846 2033 ante
874 2000 1007 2034 librum
1037 2001 1083 2034 de
1111 2000 1332 2035 haeresibus
1360 2001 1472 2034 datas
1499 2010 1582 2035 esse
1609 2000 1783 2035 eflicitur.

413 2066 589 2110 Epistula
606 2068 675 2103 225
694 2079 715 2103 a
736 2068 925 2112 Prospero
944 2073 979 2103 et
1001 2068 1068 2103 226
1088 2069 1135 2104 ab
1155 2068 1301 2103 Hilario
1325 2068 1435 2104 simul
1455 2069 1503 2103 ad
1525 2068 1782 2114 Augustinum

273 2125 410 2159 missae
436 2128 521 2159 sunt
538 2124 566 2168 v³)
591 2129 628 2160 et
653 2125 890 2169 Augustinus
915 2125 1063 2160 (luobus
1090 2126 1193 2160 libris
1217 2126 1336 2161 altero
1363 2127 1409 2161 de
1435 2126 1784 2171 praedestinatione

273 2186 490 2217 sanctorum
538 2182 659 2217 altero
704 2183 752 2217 de
801 2183 902 2218 dono
951 2184 1263 2227 perseverantiae
1310 2184 1359 2218 ad
1407 2189 1608 2229 utrumque
1656 2184 1782 2218 missis

273 2239 482 2283 respondit.
515 2240 580 2284 qui
615 2240 697 2275 libri
734 2252 818 2275 cum
854 2241 891 2275 in
928 2241 1280 2276 Retra(·tationil›us
1315 2252 1388 2276 non
1425 2246 1779 2283 commemorentur,

271 2301 359 2332 ante
385 2308 525 2332 annum
554 2297 621 2331 428
650 2308 715 2332 eos
744 2309 820 2333 non
847 2309 930 2333 cssc
960 2299 1124 2343 scriptos
1152 2304 1253 2334 recte
1283 2300 1538 2335 contenderis.
1582 2305 1781 2345 praeterea

270 2353 307 2388 in
336 2354 502 2398 epistula
529 2355 595 2389 225
629 2354 794 2390 Hilarius
823 2357 990 2401 quidam,
1020 2368 1129 2401 quem
1161 2366 1245 2392 cum
1275 2357 1420 2392 Hilario
1451 2358 1488 2392 in
1517 2358 1684 2402 epistula
1715 2358 1782 2392 ’226

271 2412 384 2446 nolim
424 2412 649 2457 confunda-s,
686 2414 892 2458 episcopus
930 2414 1167 2449 Arelatensis
1205 2415 1465 2460 appellatui·.⁰)
1517 2416 1581 2461 qui
1620 2427 1704 2451 cum
1742 2416 1780 2450 in

270 2469 496 2513 cpiscopatu
525 2469 762 2506 Honoratum
796 2476 949 2507 secutus
980 2472 1039 2516 sit,
1072 2472 1289 2508 Honoratus
1319 2477 1447 2508 autem
1478 2473 1567 2508 XlX
1598 2473 1683 2508 Kal.
1714 2474 1781 2510 Fe-

410 2620 437 2659 ¹>
468 2631 502 2663 p.
533 2621 612 2663 446,
643 2620 768 2655 ‹5-12.
1017 2623 1043 2656 ²·
1075 2632 1110 2665 p.
1143 2623 1221 2666 449,
1254 2623 1354 2656 7-9.

408 2678 437 2713 ³,
469 2688 502 2720 p.
533 2678 611 2714 452.
643 2679 771 2721 9-113
807 2680 883 2723 453,
920 2680 1044 2714 7—13.

409 2734 436 2771 ⁴)
469 2746 503 2778 p.
527 2736 603 2772 452,
632 2737 801 2772 18-453.
825 2738 856 2772 τ.
1040 2738 1069 2781 ³)
1100 2748 1134 2782 p.
1162 2738 1239 2781 480,
1265 2738 1410 2773 15-10.

409 2792 437 2819 ⁸»
467 2801 501 2835 p.
532 2793 609 2827 467.
644 2794 693 2828 14.
