2078 3054
882 136 1022 172 Index
1049 136 1093 171 V.

261 262 344 286 nem
385 251 523 286 docere
561 261 583 285 a
621 249 752 295 Moyse
791 250 869 295 358,
909 249 967 293 11;

261 319 382 354 neque
409 308 457 343 ad
487 308 557 343 hoc
587 308 625 343 id
653 308 744 353 egit,
772 311 814 343 ut
841 307 969 352 putari

260 366 455 401 videretur
511 375 578 410 per
630 376 676 401 ea
729 370 970 401 sacramenta

260 424 374 458 etiam
405 423 662 458 Christianam
694 423 855 462 salutem
885 422 969 458 dari

261 481 296 514 ll
327 481 404 525 358,
435 481 467 516 3.
498 481 533 524 6;
565 482 611 522 cf.
641 481 696 525 74,
725 481 747 515 5
776 484 891 525 atque
919 479 968 515 ad

261 549 306 574 ea
342 549 570 583 quemquam
609 538 715 574 velut
751 537 970 573 necessaria

262 596 508 639 suscipienda
550 596 777 640 compellere
814 595 894 640 366,
934 595 968 637 53

263 653 307 693 cf.
344 654 422 698 364,
460 654 492 688 4.
529 654 608 698 365,
647 654 703 697 13;
741 653 970 689 ostendebat

262 712 362 746 enim
390 721 459 747 nec
488 711 650 747 Iudaeos
679 716 768 746 tunc
796 721 819 746 a
846 720 971 746 sacra-

262 769 400 803 mentis
430 769 509 804 suis
538 773 731 811 tamquam
763 779 785 803 a
813 768 970 803 nefariis

264 826 518 870 prohibendos
552 837 620 861 nec
654 826 815 871 gentiles
850 826 898 860 ad
930 835 975 859 ea

262 888 456 929 tamquam
507 884 555 919 ad
605 884 824 920 necessaria
873 893 972 918 com-

264 941 463 985 pellendos
489 941 524 975 II
550 942 628 982 360,
654 941 711 983 14;
740 942 786 982 cf.
811 941 890 985 377,
918 940 970 975 14.

263 998 360 1033 lianc
405 999 513 1034 Pauli
569 998 798 1034 sententiam
855 998 971 1033 fuisse

264 1056 426 1101 ideoque
459 1062 496 1092 etv
527 1067 633 1092 suam
664 1056 786 1100 ipsius
815 1066 898 1093 esse
929 1055 971 1091 A.

265 1114 464 1149 confirmat
488 1114 522 1149 II
548 1115 625 1159 364,
652 1114 704 1149 15.
729 1113 861 1149 Iudaei
885 1116 972 1157 post

265 1173 482 1215 passionem
549 1176 586 1208 et
654 1171 973 1207 resurrectionem

265 1230 406 1265 Christi
447 1230 571 1265 adhuc
612 1230 802 1274 putabant
841 1233 972 1264 vetera

266 1292 506 1323 sacramenta
553 1298 630 1322 non
678 1298 724 1322 ex
773 1290 974 1322 consuetu-

266 1345 354 1380 dine
380 1345 648 1380 sollemnitatis
676 1345 743 1380 sed
770 1355 817 1380 ex
845 1354 974 1380 neces-

267 1403 380 1438 sitate
409 1403 543 1437 salutis
571 1413 654 1438 esse
682 1402 912 1438 celebranda
938 1401 974 1436 ΙΙ

267 1461 320 1504 75,
366 1460 417 1495 15.
462 1460 617 1505 quidam
660 1460 723 1505 qui
767 1460 974 1495 credebant

267 1518 303 1553 in
348 1517 551 1562 Christum,
596 1518 727 1554 Iudaei
773 1518 853 1553 sine
900 1517 974 1552 illis

266 1575 460 1611 veteribus
493 1576 742 1611 sacramentis
775 1576 903 1610 salvos
935 1585 974 1609 se

267 1644 350 1669 esse
382 1644 458 1669 non
486 1643 599 1677 posse
630 1633 914 1668 contendebant
940 1632 974 1666 ΙΙ

267 1692 345 1735 357,
369 1691 424 1726 20.
448 1695 690 1726 sacramenta
712 1694 855 1734 vetera,
878 1700 974 1735 quae

268 1749 541 1784 convenienter
586 1748 813 1783 Iudaeorum
857 1757 976 1791 popu-

268 1806 327 1841 lus
373 1810 411 1841 et
455 1805 625 1851 legitime
672 1810 855 1849 tempore,
901 1815 975 1850 quo

269 1864 483 1908 oportebat,
513 1868 726 1907 acceperat,
756 1866 844 1899 ante
873 1862 978 1898 Chri-

271 1925 369 1955 stum
398 1925 507 1956 erant
535 1921 752 1956 necessaria
777 1920 812 1954 II
840 1921 895 1965 73,
924 1920 977 1955 15.

271 1979 325 2022 76,
363 1979 395 2022 3,
431 1983 519 2022 post
556 1978 746 2014 Christum
785 1978 978 2022 superflua

272 2036 326 2072 74.
357 2036 410 2071 12.
440 2036 492 2071 14.
522 2046 597 2071 non
627 2036 825 2081 signacula
854 2045 978 2070 sacra-

271 2097 483 2128 mentorum
553 2098 726 2129 veterum
796 2094 978 2128 damnata

272 2154 371 2195 sunt,
409 2151 474 2186 sed
513 2151 805 2186 succedentibus
842 2159 979 2194 oppor-

273 2208 486 2243 tunioribus
522 2208 769 2243 decesserunt
804 2208 820 2242 Ι
856 2208 911 2251 68,
948 2208 979 2242 8.

273 2270 407 2301 vetera
479 2269 718 2301 sacramenta
793 2265 979 2308 divinitus

273 2323 364 2358 (lata
399 2323 447 2358 ad
483 2322 800 2367 significationem
837 2323 981 2357 futuro-

274 2391 368 2423 rum,
396 2391 492 2425 quae
520 2391 587 2424 per
612 2380 804 2417 Christum
830 2383 980 2424 oporte-

274 2438 338 2472 bat
376 2437 536 2481 impleri,
575 2442 839 2473 remanserunt
877 2437 981 2473 Chri-

277 2495 412 2530 stianis
451 2495 614 2539 legenda
652 2499 800 2530 tantum
841 2495 888 2529 ad
929 2495 982 2529 in-

276 2552 534 2596 tellegentiam
598 2553 830 2595 praemissae
897 2562 982 2596 pro-

277 2609 429 2652 phetiae
465 2609 500 2643 ΙΙ
535 2610 613 2652 364,
649 2609 703 2644 21.
741 2619 806 2644 cur
842 2609 982 2644 dixerit

279 2666 320 2701 A.
373 2671 579 2711 praecepta
632 2671 804 2702 veterum
859 2676 982 2701 sacra-

277 2728 489 2759 mentorum
534 2734 603 2759 nec
646 2725 745 2759 bona
788 2734 870 2759 esse
914 2733 983 2758 nec

278 2783 406 2816 tamen
435 2780 536 2816 mala
565 2780 600 2815 II
628 2781 707 2826 363,
739 2781 793 2816 20.
824 2791 893 2826 pro
921 2791 1004 2828 νθ-Ξ

1674 125 1758 165 313

1054 250 1198 286 teribus
1242 252 1492 286 sacramentis
1537 251 1758 288 Machabaei

1052 311 1241 352 martyres
1272 308 1363 343 facti
1392 314 1479 343 sunt
1510 308 1541 342 II
1573 309 1627 351 76,
1657 310 1688 344 4.

1007 365 1372 400 sacrificium:
1409 366 1455 401 de
1492 366 1762 401 sacrificiorum

1053 422 1300 458 distinctione
1332 422 1367 457 II
1398 424 1474 467 558,
1506 425 1537 458 9.

1010 479 1354 525 [Sallustius]
1395 481 1654 516 nobilissimus
1688 480 1760 515 Ro-

1053 548 1250 572 manorum
1282 538 1486 573 historicus
1516 538 1569 572 III
1601 539 1677 583 142,
1708 539 1759 573 15.

1054 594 1248 630 Romanae
1294 595 1446 641 linguae
1493 596 1764 631 disertissimus

1055 651 1108 686 III
1138 652 1216 697 593,
1248 653 1301 687 15.

1009 708 1258 744 Salomon
1321 710 1462 746 Christi
1525 710 1646 755 figura
1710 711 1760 745 IV

1054 767 1132 811 285,
1163 767 1216 802 11.
1247 778 1315 811 per
1345 767 1585 804 Salomonem
1615 768 1762 804 monuit

1056 825 1214 868 spiritus
1247 829 1403 860 sanctus
1438 825 1489 860 IV
1519 826 1597 870 391,
1632 827 1685 861 10.

1009 881 1248 927 Salvius,
1285 883 1490 926 episcopus
1528 883 1763 919 Membressi-

1057 945 1170 976 tanus
1222 940 1437 984 Donatista,
1490 951 1574 976 cum
1627 941 1764 976 ceteris

1056 998 1232 1033 undecim
1267 998 1562 1034 Maximianistis
1596 998 1676 1034 sine
1712 998 1765 1033 di-

1056 1055 1198 1091 latione
1236 1060 1294 1093 est
1329 1056 1534 1091 damnatus
1569 1060 1607 1091 et
1642 1056 1764 1091 Resti-

1057 1114 1163 1148 tutus
1203 1115 1240 1150 in
1280 1113 1361 1148 eius
1400 1113 1525 1149 locum
1565 1114 1765 1149 ordinatus

1058 1170 1093 1205 II
1122 1171 1200 1215 627,
1234 1171 1264 1206 8.
1297 1182 1393 1216 quae
1425 1181 1510 1207 eum
1542 1181 1765 1215 perpessum

1059 1238 1142 1263 esse
1171 1228 1308 1263 civitas
1339 1229 1422 1273 ipsa
1450 1228 1674 1271 testabatur,
1704 1229 1768 1263 hu-

1057 1296 1210 1321 manum
1251 1285 1403 1321 modum
1444 1290 1692 1322 excesserunt
1731 1285 1765 1320 II

1058 1343 1136 1387 630,
1163 1343 1217 1379 27.

1013 1400 1274 1436 Samaria:
1302 1401 1544 1446 evangelium
1570 1401 1697 1446 coepit
1720 1402 1767 1436 ab

1059 1458 1296 1494 Hierusalem
1340 1462 1455 1504 atque
1499 1459 1586 1495 inde
1631 1460 1669 1494 in
1709 1459 1767 1493 Iu-

1058 1517 1193 1552 daeam
1230 1521 1268 1552 et
1303 1516 1513 1552 Samariam
1547 1521 1584 1552 et
1619 1517 1656 1552 in
1691 1528 1767 1552 om-

1060 1585 1127 1610 nes
1152 1578 1287 1620 gentes
1312 1575 1406 1610 exiit
1431 1574 1466 1608 II
1491 1574 1568 1619 466,
1595 1575 1626 1609 9.

1015 1631 1350 1667 Samaritani
1392 1632 1678 1675 comparatione
1723 1632 1766 1666 A.

1060 1689 1349 1725 demonstrabat
1402 1690 1634 1734 baptismum
1693 1700 1767 1724 non

1061 1757 1143 1782 esse
1175 1747 1390 1783 iterandum
1421 1747 1436 1781 Ι
1465 1748 1520 1791 68,
1551 1747 1602 1782 16.

1016 1804 1223 1840 Samius
1260 1815 1294 1840 v.
1332 1805 1584 1850 Pythagoras.

1015 1861 1124 1897 Sam
1141 1872 1157 1897 s
1175 1872 1229 1898 uc
1246 1863 1255 1897 i
1271 1873 1294 1897 u
1310 1873 1344 1907 s,
1374 1862 1579 1906 episcopus
1608 1862 1770 1897 Turren-

1062 1920 1113 1955 sis
1159 1919 1355 1965 ecclesiae,
1400 1920 1576 1955 liberales
1621 1920 1769 1955 litteras

1063 1988 1139 2013 non
1171 1978 1321 2021 didicit3
1356 1978 1455 2013 hunc
1487 1978 1662 2022 quamvis
1696 1987 1770 2012 ser-

1063 2045 1173 2071 mone
1202 2035 1403 2079 inpolitum
1428 2039 1556 2070 tamen
1581 2045 1675 2070 vera
1697 2034 1770 2069 fide

1063 2093 1253 2128 eruditum
1284 2093 1339 2137 A.,
1367 2097 1409 2128 ut
1440 2093 1477 2127 in
1507 2092 1770 2136 disputatione

1064 2160 1147 2185 cum
1202 2150 1430 2185 Proculiano
1485 2150 1608 2185 vicem
1663 2159 1770 2184 suam

1064 2208 1287 2252 susciperet,
1320 2207 1521 2252 proposuit
1551 2207 1585 2241 II
1601 2207 1772 2251 27,1——7.

1065 2276 1141 2300 una
1165 2276 1249 2300 cum
1273 2265 1414 2310 Alypio
1440 2269 1478 2300 et
1503 2265 1546 2300 A.
1571 2274 1629 2308 ep.
1653 2264 1697 2298 62
1722 2262 1771 2298 ad

1066 2322 1247 2358 Severum
1278 2322 1385 2358 dedit
1414 2322 1449 2356 II
1478 2323 1556 2362 224,
1585 2322 1639 2356 21.
1670 2321 1772 2356 Sam-

1065 2380 1169 2415 sucio
1205 2390 1359 2415 causam
1393 2379 1621 2414 Thiavensis
1656 2378 1773 2414 eccle-

1065 2437 1143 2473 siae
1178 2437 1350 2472 narravit
1383 2437 1437 2481 A.,
1471 2448 1516 2472 ne
1550 2437 1640 2482 quid
1674 2436 1772 2471 forte

1066 2495 1148 2538 ipse
1182 2495 1389 2538 falleretur,
1423 2494 1512 2529 dum
1549 2494 1586 2528 in
1623 2498 1772 2529 senten-

1066 2552 1157 2587 tiam
1188 2563 1293 2587 suam
1325 2551 1532 2596 proclivior
1563 2555 1707 2586 erraret
1738 2549 1772 2585 II

1066 2610 1143 2653 390,
1170 2609 1225 2643 22.

1020 2666 1044 2702 S
1059 2678 1080 2702 a
1095 2678 1130 2702 m
1146 2678 1169 2701 u
1183 2667 1207 2701 h
1221 2677 1240 2702 e
1255 2667 1266 2700 l
1333 2666 1522 2701 tolerabat
1585 2664 1772 2701 nefandos

1067 2724 1164 2759 filios
1192 2723 1287 2768 Heli,
1316 2733 1520 2768 perversos
1549 2722 1645 2757 filios
1672 2732 1773 2766 suos,

1067 2791 1162 2827 quos
1195 2780 1360 2826 populus
1391 2780 1482 2826 quia
1513 2779 1676 2816 tolerare
1709 2790 1773 2814 no-
