2078 3054
325 114 437 148 XLV?
960 112 1207 146 Praefatio.

321 231 507 273 ciusdem
542 230 697 272 saeculi
731 229 874 272 codice
910 231 963 270 11
999 230 1086 271 3013
1118 230 1335 283 reperitur.
1365 234 1493 283 atque
1516 229 1738 285 epistulam
1762 231 1843 271 219

321 308 415 336 cum
448 293 517 335 diu
550 294 811 347 multumque
844 298 883 335 et
918 293 1007 348 ipse
1041 299 1082 334 et
1114 306 1186 347 per
1217 293 1323 335 alios
1355 293 1536 335 inlibris
1570 306 1666 335 mss.
1691 292 1846 336 frustra

321 357 623 411 quaesivissem
662 363 703 399 et
741 357 822 398 iam
857 357 1097 412 exemplum
1130 357 1300 410 aliquod
1342 370 1407 399 me
1444 357 1714 399 inventurum
1753 371 1846 399 esse

320 422 600 476 desperarem,
636 421 803 462 tandem
844 420 1072 474 aliquando
1110 420 1204 463 Joh.
1231 421 1401 463 Mercati
1434 421 1592 463 Romae
1623 421 1665 462 in
1696 420 1843 462 biblio-

320 485 441 527 theca
483 485 772 526 Vallicclliana
820 484 936 526 illum
985 483 1172 526 codicem
1214 484 1503 539 investigavit,
1546 485 1618 538 qui
1658 484 1843 526 laborem

320 554 506 590 nostrum
550 548 761 590 uberrimo
805 547 945 590 fructu
983 548 1299 602 compensabat.
1340 562 1438 590 nam
1477 548 1658 603 epistula
1693 561 1718 589 a
1754 548 1843 590 Jac.

324 611 544 654 Sir-mondo
575 612 755 666 primum
790 611 904 654 edita
936 612 978 653 in
1012 611 1209 653 Conciliis
1240 612 1428 665 antiquis
1450 611 1612 654 Galliae
1635 611 1727 653 Lut.
1753 612 1845 652 Par.

323 676 447 728 1629,
481 675 594 717 1111ᾶο
627 675 805 717 Maurini
839 689 932 717 eam
964 675 1004 716 in
1040 675 1268 730 Augustini
1300 675 1504 730 epistulas
1526 675 1846 725 transtulerunt,

321 739 463 781 codice
497 739 787 781 Vallicelliano
825 753 908 781 non
948 744 1111 780 tantum
1150 739 1281 780 multo
1314 739 1450 781 evasit
1481 738 1742 781 emendatior
1772 737 1846 780 sed

321 804 445 845 etiam
470 803 600 845 multo
620 802 796 857 longior,
821 803 977 857 quippe
1000 816 1093 844 cum
1118 807 1266 856 quarta
1290 803 1421 844 ferme
1439 803 1530 844 eius
1553 815 1650 857 pars
1672 804 1729 857 (p.
1749 802 1844 851 430,

322 868 375 908 12
408 867 644 908 admonitus
676 892 729 896 —
763 867 860 918 431,
895 867 919 907 3
943 867 1251 919 detrimentum)
1282 866 1396 921 apud
1430 866 1699 908 Sirmondum
1729 866 1843 907 Mau·

320 932 516 984 riuosque
548 930 668 972 desit.
703 930 744 971 in
777 930 959 984 epistula
989 929 1073 970 228
1106 929 1242 972 codex
1266 929 1581 971 Vallicellianus
1612 928 1849 983 propinqua

319 994 569 1049 cognatione
598 993 847 1036 coniunctus
871 998 933 1035 est
956 1006 1049 1035 cum
1075 994 1298 1037 Casinensi
1326 996 1372 1035 11
1398 998 1526 1047 atque
1555 1006 1641 1035 una
1661 1005 1755 1034 cum
1777 991 1848 1033 illo

320 1058 553 1100 contrarius
585 1057 735 1099 ceteris
765 1056 892 1099 huius
914 1057 1120 1111 epistulae
1143 1056 1372 1111 codicibus,
1406 1058 1478 1111 qui
1499 1070 1647 1099 omnes
1674 1061 1772 1098 sunt
1794 1068 1847 1097 ex

318 1136 474 1177 genere
496 1121 652 1164 codicis
674 1121 939 1163 Monacensis
962 1121 1087 1162 6266.
1112 1121 1255 1174 itaque
1278 1120 1491 1163 utilissimi
1508 1124 1609 1163 sunt
1628 1120 1683 1161 ad
1705 1132 1847 1162 emen-

320 1185 504 1228 dandam
538 1185 760 1240 epistulam
794 1189 836 1226 et
866 1185 906 1226 in
942 1199 979 1239 p.
1010 1184 1108 1237 485,
1140 1184 1214 1239 23;
1247 1184 1346 1237 490,
1388 1185 1460 1238 12;
1497 1184 1597 1236 493,
1637 1184 1709 1239 20,
1749 1183 1846 1235 494,

321 1250 341 1289 7
377 1250 453 1292 3011
486 1262 608 1291 veras
639 1249 845 1303 praebent
876 1248 1091 1300 lectiones,
1132 1249 1172 1289 in
1205 1262 1245 1302 p.
1273 1248 1372 1299 488,
1407 1248 1479 1303 12,
1511 1247 1610 1300 493,
1646 1248 1715 1301 14,
1749 1247 1846 1297 494,

323 1312 393 1366 183
427 1313 524 1365 495,
559 1313 603 1365 83
642 1312 709 1366 183
743 1312 840 1364 496,
874 1313 900 1354 5
931 1312 1055 1354 simul
1088 1325 1183 1354 cum
1215 1312 1406 1355 Parisino
1438 1325 1534 1353 nov.
1558 1324 1649 1365 acq.
1680 1310 1846 1357 14441)

377 1376 521 1419 Codex
566 1376 898 1431 Erlangensis
942 1376 1036 1416 272
1078 1389 1188 1419 saec.
1223 1376 1283 1417 XI
1327 1375 1508 1431 scriptus
1549 1389 1677 1417 unam
1721 1374 1849 1417 habet

320 1441 544 1495 epistulam
582 1440 662 1481 102
683 1440 796 1482 0111111
819 1440 1098 1494 corruptionis
1127 1453 1281 1493 genere
1311 1439 1602 1482 deformatam.
1635 1444 1679 1481 at
1707 1443 1847 1480 tamen

320 1518 413 1547 cum
447 1504 562 1546 nullo
593 1508 826 1546 ceterorum
863 1503 991 1547 huius
1028 1503 1237 1559 epistulae
1275 1503 1467 1546 codicum
1503 1504 1656 1546 artiore
1693 1516 1847 1558 cogna-

320 1568 446 1610 tionis
476 1567 644 1610 vinculo
676 1572 739 1610 est
771 1567 1020 1610 coniunctus
1051 1567 1104 1610 ob
1127 1581 1305 1621 eamque
1327 1581 1497 1610 causam
1520 1568 1560 1609 in
1585 1565 1849 1609 aestimanda

320 1631 510 1675 codicum
541 1631 790 1674 auctoritate
823 1645 905 1673 non
938 1630 1267 1686 spernendus.²)

381 1694 855 1738 Cheltenhamensis
887 1689 1056 1749 quoque
1087 1695 1193 1738 liber
1232 1695 1389 1737 12268
1422 1709 1530 1738 3300.
1566 1695 1628 1737 XI
1651 1694 1849 1748 (fortasse

319 1760 361 1802 X
392 1761 479 1814 ex.)
519 1759 699 1814 scriptus
736 1772 863 1801 unam
897 1763 1062 1801 tantum
1096 1759 1322 1814 epistulam
1354 1759 1552 1811 continet,
1591 1757 1632 1800 id
1666 1763 1729 1800 est
1760 1758 1847 1813 epi-

320 1823 474 1866 stulam
513 1823 609 1864 262.
649 1823 691 1864 111
731 1836 815 1877 qua
855 1818 1038 1877 epistula
1074 1837 1169 1865 cum
1212 1816 1296 1866 duo
1333 1823 1419 1865 sint
1456 1822 1649 1865 codicum
1690 1835 1849 1877 genera

320 1888 496 1929 alterum
531 1886 686 1929 codicis
716 1886 897 1928 Parisini
934 1886 1071 1928 12193
1092 1887 1270 1929 alterum
1295 1887 1562 1929 Monacensis
1583 1886 1711 1938 6266,
1743 1886 1850 1928 liber

323 1949 716 1993 Cheltenhamensis
743 1949 797 1992 ad
821 1955 958 1992 utrum
981 1951 1153 2006 propius
1173 1950 1361 2003 accedat,
1394 1950 1508 1993 haud
1529 1950 1653 1992 facile
1675 1949 1845 1992 dixeris.

321 2018 533 2057 correctus
569 2018 713 2056 autem
751 2018 815 2056 est
852 2028 904 2056 m.
931 2013 956 2054 2
992 2014 1168 2068 antiqua
1200 2019 1241 2056 et
1273 2029 1325 2056 m.
1350 2015 1390 2067 3,
1422 2027 1562 2068 neque
1593 2027 1706 2067 vero,
1738 2026 1849 2067 quae

320 2082 507 2121 correcta
538 2082 651 2129 sunt,
685 2077 810 2120 ullius
842 2091 933 2120 esse
966 2077 1167 2120 videntur
1197 2079 1411 2120 momenti.

380 2142 490 2184 Huic
530 2140 663 2183 codici
699 2141 972 2197 adiungimus
1009 2142 1189 2184 alterum
1229 2141 1733 2185 Cheltenhamensem
1771 2156 1846 2184 nu·

322 2218 436 2248 mero
462 2204 622 2247 16588
644 2205 871 2260 signatum,
896 2205 1027 2259 quiin
1050 2205 1148 2248 folio
1169 2206 1357 2249 solitario
1380 2205 1570 2249 eiusdem
1588 2206 1676 2248 fere
1696 2206 1849 2247 aetatis

322 2269 531 2325 bipartitis
569 2269 736 2324 paginis
779 2274 1011 2312 extremam
1054 2273 1216 2325 partem
1261 2270 1466 2325 epistulae
1508 2269 1559 2311 91
1606 2274 1647 2312 et
1683 2269 1849 2312 initium

382 2432 407 2475 ¹)
435 2431 637 2476 Epistulam
664 2434 731 2468 228
758 2431 959 2475 Possidius,
987 2430 1211 2467 Calamensis
1238 2432 1443 2478 episcopus,
1470 2442 1586 2477 paene
1612 2434 1727 2466 totam
1753 2442 1849 2466 rece-

322 2484 377 2528 pit
402 2484 438 2518 111
463 2483 675 2528 Augustini,
702 2483 868 2528 aequalis
886 2483 953 2528 sui,
979 2484 1103 2528 vitam,
1131 2494 1240 2529 quam
1264 2484 1491 2529 conscripsit.
1511 2494 1619 2529 quam
1636 2484 1749 2518 vitam
1768 2494 1849 2519 011111

321 2535 405 2570 Joh.
426 2535 569 2570 Salinas
594 2535 735 2571 Romae
764 2538 850 2573 1731
877 2536 1012 2579 ederet,
1047 2536 1144 2571 illam
1171 2537 1365 2582 epistulam
1390 2547 1463 2571 non
1490 2547 1534 2571 ex
1559 2536 1635 2572 suis
1660 2536 1850 2571 codicibus

322 2586 522 2633 proposuit,
550 2587 626 2631 sed,
665 2591 706 2622 nt
731 2588 810 2632 ipse
836 2586 985 2631 fatetur,
1018 2599 1062 2623 ex
1089 2589 1326 2634 epistularum
1354 2588 1526 2632 editione,
1560 2599 1668 2633 quam
1695 2589 1849 2623 Maurini

322 2650 439 2684 nuper
463 2642 694 2684 paraverant,
722 2639 920 2683 transtulit,
948 2640 999 2674 ita
1026 2644 1075 2684 ut,
1109 2651 1203 2685 quae
1229 2651 1314 2686 spes
1340 2640 1425 2676 inde
1451 2640 1498 2675 ad
1525 2641 1705 2685 epistulae
1732 2651 1849 2676 emen-

322 2690 508 2727 dationem
541 2691 669 2727 haberi
703 2695 838 2736 posset,
873 2691 1062 2728 falleretur
1093 2696 1204 2738 :itque
1237 2703 1369 2728 novam
1403 2692 1500 2728 illius
1526 2693 1623 2727 vitae
1651 2693 1848 2728 editionem

322 2743 449 2778 critica.
474 2744 616 2779 ratione
643 2744 873 2779 emendatam
899 2755 1049 2780 necesse
1076 2745 1124 2779 sit
1150 2749 1395 2791 expectemus.

380 2796 407 2838 2)
434 2795 540 2830 Hunc
567 2795 727 2830 codicem
756 2796 911 2830 contulit
939 2797 1058 2831 Herm.
1087 2798 1278 2832 Bitterauf.
