2078 3054
851 165 992 201 Index
1020 163 1094 199 III.
1671 149 1726 191 43

356 283 567 327 Epistulam
599 283 666 317 165
692 281 948 326 Hieronymus
974 280 1022 315 ad
1052 279 1312 315 Marcellinum
1342 279 1535 314 tribunum
1564 278 1601 313 in
1630 278 1727 313 Afri-

217 352 299 376 cam
322 342 435 376 misit.
460 351 571 385 quem
596 350 680 375 cum
705 339 753 373 ab
777 339 1004 383 imperatore
1029 337 1198 372 Honorio
1221 337 1269 371 ad
1294 336 1578 381 componendas
1604 336 1728 371 Dona-

215 399 390 434 tistarum
431 397 716 433 controversias
756 396 912 431 missurn
954 396 1023 430 sub
1062 395 1173 431 finem
1214 395 1304 430 anni
1347 395 1414 429 410
1454 394 1726 439 Carthaginem

215 457 366 492 venisse
392 460 430 491 et
456 455 595 491 ibidem
626 454 680 488 111
707 454 798 489 Idus
825 453 1059 497 Septembris
1086 464 1119 488 a.
1148 453 1214 488 418
1245 453 1343 487 inter
1372 452 1497 487 socios
1525 452 1727 487 seditionis

214 515 261 549 ab
299 513 527 549 Heracliano
565 513 690 547 factae
730 511 972 547 interfectum
1010 521 1093 546 esse
1130 511 1179 546 ad
1216 521 1276 555 ep.
1316 510 1382 545 105
1418 514 1454 545 et
1494 510 1556 545 151
1599 519 1728 544 narra-

214 571 392 615 verimus⁷
428 571 526 605 hanc
561 570 765 614 epistulam
801 569 902 604 intra
935 569 1005 603 hoc
1040 573 1190 613 tempus
1228 568 1410 613 scriptam
1445 578 1534 603 essev
1563 571 1727 611 constat,

216 640 290 673 qua
339 628 593 673 Hieronymus
645 627 691 662 de
739 626 886 672 origine
935 626 1083 661 animae
1133 626 1295 660 hominis
1345 626 1603 670 interrogatus
1653 625 1728 659 alio

214 686 503 730 responsionem
541 686 692 721 derivat
731 684 877 719 dicens:
918 684 1030 719 Certe
1070 684 1188 719 habes
1225 684 1276 719 ibi
1313 684 1438 719 virum
1475 687 1651 719 sanctum
1689 687 1727 718 et

214 744 405 779 eruditum
439 744 697 788 Auyustinum
730 743 966 786 episcopum,
1001 743 1065 786 qui
1099 743 1200 784 vii-a,
1233 745 1275 776 ut
1307 743 1428 783 aiunt,
1461 752 1557 776 voce
1589 742 1727 776 docere

215 805 250 836 te
284 793 427 845 poterit
461 805 500 836 et
532 810 653 842 suam,
687 800 801 834 immo
835 810 905 844 per
936 810 977 834 se
1014 803 1185 837 nostram
1220 800 1414 844 explicare
1449 799 1724 842 sententiam.²)

214 859 431 893 accuratius
472 862 600 893 autem
637 857 826 901 epistulae
864 861 1015 901 tempus
1054 857 1311 902 significatum
1350 857 1532 892 habemus
1573 857 1611 892 in
1650 857 1728 900 epi-

216 916 316 951 stula
356 916 433 950 190.
471 915 536 950 ubi
575 915 828 960 Augustinus:
869 915 900 949 Α
942 925 1000 948 me
1037 918 1177 955 autem,
1216 914 1350 958 inquit,
1389 925 1474 949 cum
1514 915 1729 959 quaesisset

214 975 360 1008 (amicus
378 974 471 1008 milti
489 974 710 1008 carissimus
733 976 770 1007 et
789 973 1008 1007 divinarum
1028 973 1335 1007 studiosissimus
1354 973 1569 1008 litterarum
1593 973 1647 1016 (id
1668 976 1727 1008 est

215 1030 473 1076 Marcellinus)
508 1031 599 1076 quid
630 1031 678 1065 de
708 1031 780 1065 hac
812 1031 1038 1074 quaestione
1072 1031 1266 1071 sentirem,
1297 1032 1408 1074 eique
1441 1034 1587 1065 remota
1624 1040 1727 1065 vere-

214 1089 353 1123 cundia
380 1088 469 1123 hinc
496 1091 626 1123 aestus
654 1098 758 1123 meos
785 1092 823 1122 et
851 1089 1109 1132 iynorantiam
1135 1088 1264 1128 fassus
1293 1099 1428 1130 essem,
1455 1090 1612 1133 scripsit
1638 1089 1728 1123 inde

213 1147 327 1191 lonye
367 1150 473 1181 trans
511 1157 614 1181 mare
653 1146 702 1181 ad
740 1146 1006 1180 doctissimum
1044 1147 1180 1180 virum.
1232 1147 1293 1180 cui
1335 1147 1533 1191 rescripsit
1571 1147 1647 1189 ille,
1685 1149 1727 1181 ut

213 1205 343 1246 polius
370 1213 429 1238 me
458 1203 685 1243 consuleret,
717 1205 904 1245 nesciens,
933 1205 1034 1248 quod
1065 1205 1140 1238 iam
1168 1204 1315 1245 fecerat
1342 1214 1413 1238 nec
1442 1205 1588 1249 aliquid
1617 1215 1639 1239 α
1668 1214 1728 1238 me

214 1264 358 1296 certum
382 1272 427 1296 ac
451 1262 651 1302 definitum
675 1262 808 1296 audire
833 1261 1054 1305 potuerat.²)
1094 1261 1316 1307 priusquam
1342 1261 1457 1306 igitur
1483 1261 1727 1297 Marcellinus

217 1317 487 1362 Hieronymum
526 1319 683 1354 adisset.
722 1319 875 1364 rogavit
915 1319 1172 1365 Augustinum
1214 1323 1252 1355 et
1292 1319 1531 1366 Augustinus
1571 1320 1609 1354 in
1650 1319 1727 1363 epi-

214 1377 314 1411 stula
348 1378 413 1411 143
444 1381 625 1422 quattuor
656 1377 902 1421 opinionibus
934 1378 980 1413 de
1015 1378 1163 1422 origine
1195 1378 1344 1413 animae
1377 1377 1582 1422 distinctis,
1614 1388 1728 1422 quae-

215 1444 299 1468 nam
328 1434 505 1479 eligenda
537 1435 596 1474 sit,
624 1434 788 1479 ingenue
818 1446 856 1470 se
886 1435 1062 1479 ignorare
1091 1435 1276 1480 fatetur.³)
1319 1446 1416 1480 quae
1446 1435 1614 1478 epistula
1641 1446 1726 1470 cum

200 1489 246 1525 ²21.
279 1492 345 1525 *112
381 1493 525 1536 scripta
557 1492 616 1536 sit,
650 1492 874 1537 Hieronymi
909 1493 1124 1537 epistulam,
1159 1494 1197 1528 id
1230 1497 1288 1528 est
1323 1493 1528 1536 epistulam
1563 1493 1628 1528 165
1661 1493 1727 1528 ali-

213 1554 356 1593 quanto
386 1550 636 1592 posteriorem
667 1555 733 1585 aut
762 1551 894 1585 eodem
926 1551 1040 1586 etiam
1070 1561 1170 1585 anno
1200 1551 1267 1600 412
1295 1551 1424 1586 datam
1455 1561 1538 1587 esse
1570 1561 1726 1586 necesse

212 1612 268 1641 est
294 1612 356 1642 :tut
387 1618 488 1642 anno
512 1608 590 1652 413,
615 1613 820 1653 antequam
851 1608 1106 1653 Hieronymus
1132 1608 1343 1643 Marcellini
1368 1612 1527 1643 mortem
1556 1609 1725 1645 rescivit.

214 1675 343 1699 verum
377 1670 503 1700 tamen
536 1665 792 1710 Augus-tinum
826 1667 862 1700 in
895 1666 964 1700 hac
996 1677 1035 1701 re
1067 1667 1262 1701 narranda
1293 1677 1370 1701 non
1402 1666 1472 1702 sibi
1505 1667 1727 1702 constitisse

213 1722 399 1757 videmus.
439 1734 524 1758 nam
553 1724 590 1758 in
618 1724 785 1767 epistula
811 1724 877 1758 166
903 1724 951 1759 ad
979 1723 1254 1774 Hieronymum
1281 1735 1365 1760 eum
1393 1724 1570 1760 audimus
1599 1725 1728 1760 dicen-

213 1784 302 1814 tem:
332 1781 394 1815 Sic
421 1782 520 1815 enim
547 1782 596 1816 ad
624 1781 884 1816 Alorcellinum
914 1783 1115 1825 scripsisti,
1143 1783 1180 1817 in
1209 1792 1284 1827 qua
1311 1783 1477 1826 epistula
1506 1784 1622 1817 etiam
1653 1783 1727 1817 mei

214 1840 613 1873 commemm-ationem
639 1840 991 1875 benivolentissime
1014 1840 1142 1880 facere
1168 1841 1352 1885 diqnatus
1376 1851 1428 1881 es,
1453 1841 1555 1885 quod
1582 1841 1643 1875 hic
1668 1851 1727 1874 me

213 1895 370 1930 liaberet
394 1897 430 1930 in
459 1896 600 1938 Africa,
625 1899 690 1941 qui
713 1898 749 1931 ei
771 1907 924 1940 possem
950 1899 1062 1932 istam
1086 1898 1238 1938 facilius
1263 1899 1457 1942 explicare
1481 1900 1726 1933 sententiam.

215 1954 316 1996 quod
343 1955 375 1987 si
402 1956 613 1997 potuissem
643 1965 715 1989 non
747 1955 808 1989 ille
835 1956 907 1989 hoe
936 1956 1004 1989 abs
1036 1959 1071 1990 te
1101 1958 1178 1990 tam
1205 1957 1319 2000 Ionye
1347 1957 1475 2000 posito
1505 1958 1727 2001 inquireret,

213 2011 257 2044 si
296 2014 467 2045 tamen
508 2013 556 2045 id
597 2004 700 2046 tibi
737 2023 796 2047 ear
834 2012 1022 2053 Africa
1063 2014 1311 2058 scripsit.
1362 2018 1472 2048 na'm
1513 2014 1725 2058 quando

217 2068 519 2110 scripserit,
546 2080 566 2103 η
583 2070 761 2111 escio;
789 2073 934 2104 tantum
962 2071 1053 2111 scio,
1080 2070 1182 2114 quod
1207 2071 1256 2105 de
1282 2071 1353 2105 hoc
1379 2071 1474 2105 bene
1501 2072 1727 2116 coynoverit

214 2126 496 2160 cunctationem
527 2136 659 2168 meam,
689 2128 789 2161 unde
819 2137 851 2160 m
869 2138 889 2161 e
917 2127 1240 2163 inconsulto
1270 2129 1399 2169 facere
1427 2129 1592 2173 roluttf)
1635 2133 1725 2164 tunc

214 2181 329 2225 igitur
361 2194 398 2218 se
431 2184 576 2218 nescire
607 2184 716 2218 dixit.
748 2185 901 2228 quando
934 2185 1176 2220 Marcellinus
1207 2186 1481 2231 Hieronymum
1516 2187 1727 2232 interroga-

216 2239 345 2274 visset.
384 2245 558 2275 utrumne
598 2252 643 2275 ex
682 2242 812 2276 Africa
849 2242 882 2276 ei
921 2242 1136 2286 scripsisset
1173 2253 1222 2277 an
1260 2243 1333 2277 iam
1371 2247 1496 2287 antea,
1534 2247 1648 2288 atque
1687 2254 1726 2279 se

213 2296 429 2332 inconsulto
459 2309 543 2333 eum
578 2299 613 2332 id
645 2298 769 2334 facere
800 2299 967 2334 voluisse
997 2311 1119 2345 neque
1150 2311 1240 2336 vero
1271 2311 1327 2346 eo,
1360 2302 1461 2346 quod
1492 2306 1550 2337 est
1580 2302 1618 2337 in
1647 2302 1725 2346 epi-

215 2354 314 2388 stula
355 2355 430 2399 143,
468 2356 674 2399 Augustini
712 2367 897 2400 responso
935 2362 1176 2402 commotum,
1217 2359 1270 2393 ita
1307 2363 1348 2394 ut
1385 2359 1561 2395 dubitare
1600 2360 1724 2404 possis

215 2412 260 2446 de
283 2411 348 2446 illa
367 2414 604 2448 accuratiore
629 2414 812 2458 temporis
832 2415 1105 2459 descriptione,
1126 2427 1239 2460 quam
1260 2427 1306 2451 ex
1329 2417 1495 2461 epistula
1518 2418 1584 2452 190
1609 2428 1724 2462 supra

215 2469 391 2505 cluimus.
416 2470 489 2504 nisi
514 2471 544 2505 si
571 2471 838 2515 Augustinum.
864 2482 947 2507 cum
975 2473 1154 2508 scriberet
1182 2474 1387 2517 epistulam
1414 2475 1490 2510 190.
1516 2476 1562 2510 de
1592 2475 1724 2510 harum

215 2536 337 2560 rerum
378 2528 510 2563 ordine
547 2529 682 2563 melius
719 2529 946 2564 instructum
984 2530 1100 2566 fuisse
1139 2541 1266 2566 sumas
1303 2543 1415 2577 quam
1455 2533 1576 2568 tribus
1614 2533 1725 2568 annis

215 2589 314 2618 ante.
344 2595 425 2619 cum
460 2586 640 2620 scriberet
670 2586 873 2629 epistulam
906 2588 982 2622 166.

353 2704 381 2738 ²)
412 2713 445 2746 p.
473 2705 550 2745 542,
576 2706 725 2749 3-543,
751 2707 783 2740 9.
974 2708 1001 2751 2)
1033 2718 1067 2751 p.
1100 2709 1176 2753 155,
1207 2710 1377 2755 15-156,
1406 2710 1437 2744 2.

354 2757 382 2801 ³)
412 2771 446 2805 p.
476 2762 552 2799 255.
583 2763 729 2807 1—‘261‚
757 2764 800 2798 ‘24

354 2818 382 2862 ⁴)
410 2823 446 2863 p.
477 2820 555 2864 558,
586 2821 686 2855 1-9.
