2078 3054
306 133 392 175 412
970 145 1112 182 Index
1139 146 1203 181 VI.

355 262 426 297 deo
455 261 607 297 devotis
637 261 805 297 ieiunare
835 261 869 295 II
896 261 954 304 38,
981 261 1002 295 7
1030 258 1335 297 et'satellitium:
1356 263 1487 297 nostro
1508 261 1717 298 ministerio
1738 264 1864 305 atque,

355 320 398 355 19
427 320 621 363 (‘urbicus‘
653 320 838 364 quidam).
1150 323 1193 355 ut
1224 319 1278 355 ita
1307 319 1478 364 dixerim,
1510 320 1690 356 satellitio
1722 319 1756 354 ΙΙ
1785 320 1865 363 665,

308 381 464 412 sanctus
519 381 739 413 sanctorum
793 377 846 412 111
901 376 981 420 451,
1035 377 1068 411 7.
1151 378 1206 413 21.

355 438 511 471 sanctus
554 435 708 479 domini,
749 434 810 470 dei
851 434 886 469 ΙΙ
926 435 1005 479 497,
1047 434 1069 468 2
1104 435 1281 471 satiricus
1307 435 1360 470 III
1386 435 1465 480 143,
1489 436 1523 471 3.

354 493 508 538 (Paul).
536 493 615 538 513,
640 493 696 528 23.
724 492 779 527 III
807 492 861 536 15,
887 493 920 528 9.
950 492 1004 536 17,
1031 493 1067 535 7;
1106 494 1200 529 satis
1216 504 1443 540 progressus
1459 504 1541 529 sum
1557 493 1734 539 fortasse,
1749 505 1861 539 quam

355 551 416 595 (cf.
447 554 578 587 sancte
608 551 721 603 horno
750 550 811 586 dei
840 550 875 585 II
902 550 983 595 509,
1013 549 1066 585 12.
1149 551 1274 596 debui,
1305 552 1373 587 sed
1403 561 1536 598 parum
1565 551 1718 587 locutus
1750 555 1864 595 certe,

353 609 413 644 vir
437 609 663 646 benedictus
688 608 833 644 domini
859 608 894 643 II
919 609 997 653 497,
1026 609 1067 643 13
1149 619 1262 655 quam
1299 609 1405 645 volui
1442 609 1494 644 IV
1528 609 1608 654 501,
1646 610 1692 644 22
1725 611 1863 655 (Dar.).

352 667 488 711 Paua).
1103 671 1296 703 saturator
1324 669 1365 713 (i.
1394 678 1426 704 e.
1453 667 1641 710 Christus,
1670 669 1736 713 qui
1761 671 1863 704 satu-

307 725 479 771 sanguis:
512 724 599 771 *qui
629 735 707 761 non
737 736 784 761 ex
815 724 1068 771 sanguinibus
1149 728 1211 761 rat
1235 736 1336 771 pane
1362 726 1539 770 caelesti)
1566 726 1618 760 III
1644 726 1724 770 207,
1750 726 1804 761 21.

354 783 436 819 nati
463 787 552 819 sunt
578 783 631 818 III
658 783 736 827 161,
764 782 818 818 16.
845 782 902 817 22.
930 782 1008 827 163,
1034 783 1066 818 5.
1102 784 1362 819 scandalizare
1409 784 1443 819 II
1490 784 1547 828 46,
1594 784 1648 819 18.
1695 783 1774 828 299,
1822 784 1864 819 17

305 851 438 876 sanum
459 851 603 886 sapere,
622 840 846 885 resipiscere
865 851 899 876 v.
922 849 1067 885 sapere,
1149 841 1269 886 (Hier.
1273 842 1299 886 ).
1323 843 1404 887 340,
1427 841 1482 877 *4.
1504 842 1585 886 391,
1609 841 1687 878 *10.
1709 842 1763 877 IV
1783 841 1863 886 624,

352 899 588 944 resipiscere.
1148 899 1203 935 12.
1269 899 1480 945 (populum)
1543 899 1863 945 periculosissime

307 968 456 1002 sapere:
490 957 632 994 *altum
666 967 802 1001 sapere
834 957 888 991 III
922 957 998 1002 198,
1030 957 1065 1000 6;
1148 957 1450 993 scandalizatum
1496 957 1663 1003 comperi
1709 958 1756 994 de
1801 957 1864 992 ab·

353 1016 399 1057 cf.
431 1016 509 1060 205,
538 1016 570 1050 4.
601 1016 679 1060 207,
708 1016 740 1051 9.
770 1015 850 1060 221,
879 1015 934 1050 27.
966 1014 1067 1050 *alt-a
1148 1015 1273 1052 sentia
1301 1026 1386 1051 mea
1415 1016 1469 1051 ΠΙ
1497 1016 1529 1061 2,
1558 1016 1594 1060 9;
1625 1017 1673 1059 ct.
1702 1016 1755 1051 IV
1784 1016 1863 1059 626,

351 1074 546 1118 sapientes
566 1073 621 1108 III
642 1074 719 1119 199,
737 1074 772 1118 6;
795 1072 842 1114 cs.
861 1073 896 1108 II
916 1073 1065 1119 514,11‘‚
1150 1074 1204 1110 16.
1226 1074 1265 1109 in
1286 1074 1368 1110 eius
1393 1075 1430 1118 (ε’.
1451 1085 1482 1110 e.
1504 1074 1662 1119 Christi)
1685 1074 1863 1110 doctrina

352 1131 407 1167 III
439 1132 518 1177 200,
552 1133 583 1167 7.
615 1132 694 1176 206,
728 1132 782 1167 16.
816 1132 895 1176 272,
927 1132 981 1167 21.
1014 1130 1066 1166 IV

352 1190 431 1237 413,
455 1190 509 1226 20.
534 1190 653 1225 altum
679 1187 813 1234 sapere
838 1189 982 1225 dictum
1008 1194 1064 1225 est

352 1247 546 1293 superbire
583 1275 591 1282 .
629 1275 636 1282 .
673 1275 681 1283 .

351 1306 543 1351 sapientes
576 1316 689 1351 quam
720 1305 982 1351 superbientes
1013 1305 1067 1340 III

353 1364 430 1409 199,
457 1364 490 1399 5.
513 1364 551 1400 8.
581 1374 715 1400 sanum
744 1374 878 1409 sapere
907 1363 959 1398 IV
985 1363 1066 1407 358,

350 1423 382 1457 4.
422 1422 503 1467 395,
546 1422 600 1457 17.
641 1421 814 1458 *terrena
857 1432 990 1467 sapere
1031 1421 1066 1456 II

1147 1132 1301 1168 fuerant
1327 1132 1580 1168 scandalizati
1604 1133 1785 1177 discipuli
1812 1132 1862 1167 IV

1147 1190 1227 1235 412,
1251 1191 1307 1225 21.

718 1247 811 1283 nihil
847 1247 951 1283 aliud
987 1247 1066 1283 alta
1101 1248 1324 1284 scandalum
1347 1248 1364 1283 I
1384 1249 1440 1293 69,
1462 1248 1517 1284 21.
1540 1248 1575 1283 II
1595 1249 1652 1293 39,
1676 1249 1730 1283 11.
1752 1248 1808 1292 45,
1830 1248 1861 1282 2.

1146 1306 1202 1350 59,
1227 1307 1260 1342 9.
1286 1306 1343 1350 65,
1370 1306 1424 1341 15.
1451 1306 1530 1350 209,
1557 1307 1612 1341 17.
1637 1306 1717 1350 386,
1745 1306 1788 1341 17
1814 1307 1861 1342 al.

1146 1364 1185 1399 in
1219 1364 1443 1400 scandalum
1476 1364 1626 1401 mittere
1662 1364 1863 1401 ecclesiam

1147 1422 1181 1457 II
1207 1422 1286 1467 231,
1312 1423 1343 1457 1.

350 1480 429 1525 724,
448 1481 480 1516 6.
502 1479 663 1526 superbe
684 1490 819 1526 sapere
838 1480 890 1515 IV
910 1480 989 1525 294,
1010 1480 1064 1515 13.
1100 1483 1224 1516 scatet
1267 1480 1416 1515 animus
1463 1480 1501 1516 in
1546 1480 1717 1526 loquelas
1763 1491 1862 1516 com-

349 1559 396 1564 —
430 1549 527 1584 quae
564 1548 713 1574 sursum
750 1541 850 1583 sunt,
887 1548 977 1583 sape
1012 1537 1064 1572 IV

1146 1538 1397 1575 municandas
1426 1543 1553 1575 tecum
1582 1540 1598 1574 I
1628 1540 1705 1583 105,
1734 1540 1766 1574 2.

350 1597 430 1643 632,
460 1597 516 1632 30.
549 1597 732 1632 diuturna
764 1597 1000 1643 cogitatione
1033 1596 1065 1632 si
1100 1597 1297 1633 schedula:
1331 1597 1448 1633 libros
1481 1597 1519 1632 in
1552 1597 1744 1633 schedulis
1777 1597 1862 1632 mis-

350 1654 614 1699 ruminaveris,
642 1654 795 1699 senties,
823 1654 915 1699 quid.
941 1654 1066 1700 sapiat

1147 1665 1210 1690 sos
1238 1655 1431 1700 suscipere
1458 1655 1510 1689 IV
1535 1656 1615 1699 300,
1643 1655 1688 1690 10
1710 1655 1861 1699 (Hier.).

352 1714 407 1756 (z
423 1713 563 1756 valeat,
592 1712 796 1759 significet)
823 1712 876 1747 IV
901 1712 982 1758 603,
1010 1712 1064 1747 21.
1100 1713 1266 1749 schisma
1298 1713 1333 1748 II
1365 1713 1445 1757 609,
1478 1713 1532 1748 11.
1565 1713 1645 1758 625,
1679 1713 1734 1749 18.
1767 1723 1862 1758 quas

346 1790 392 1794 —
410 1774 536 1806 utrum
556 1771 672 1815 sapiri
692 1782 741 1806 an
760 1772 844 1816 sapi
863 1770 913 1806 sit
930 1769 1065 1806 modus

351 1828 531 1874 infinitus,
559 1829 693 1874 ignoro
718 1832 789 1865 etc.
816 1828 832 1863 I
857 1829 890 1874 9,
917 1828 1064 1864 11-16.

304 1887 493 1932 sapientia
533 1887 594 1923 dei
635 1887 787 1932 sapiens
829 1887 863 1922 II
902 1887 982 1931 498,
1022 1886 1063 1921 21

350 1945 505 1989 (Pam).

305 2007 481 2049 satagere
524 2004 634 2047 (satis
672 2004 803 2049 agere)
844 2003 879 2038 ΙΙ
916 2003 995 2047 388,
1033 2004 1064 2038 9.

351 2061 430 2105 434,
469 2062 502 2098 8.
540 2061 620 2106 585,
659 2062 691 2097 3.
732 2061 778 2097 de
818 2061 904 2106 ipsa
940 2061 1065 2106 gratia

351 2119 444 2154 satis
482 2119 622 2164 agebat
660 2119 858 2164 apostolus
897 2119 949 2154 IV
986 2119 1065 2163 205,

1147 1771 1325 1807 haereses
1366 1776 1403 1807 et
1443 1771 1651 1807 schismata
1691 1771 1862 1806 nomina-

1147 1840 1231 1865 mus
1255 1829 1308 1864 IV
1331 1829 1410 1874 513,
1436 1830 1488 1865 18.
1514 1830 1553 1865 in
1577 1830 1799 1865 haeresibus
1824 1834 1862 1865 et

1147 1887 1416 1922 schismatibus
1443 1887 1495 1922 IV
1520 1887 1576 1932 23,
1603 1887 1646 1922 19
1673 1888 1720 1923 al.

1101 1945 1346 1980 schismatica
1399 1944 1537 1981 divisio
1590 1945 1643 1980 III
1694 1945 1751 1989 34,
1806 1945 1860 1981 19.

1149 2003 1383 2038 schismatici
1423 2003 1458 2037 II
1499 2004 1575 2047 156,
1616 2003 1671 2038 24.
1713 2003 1789 2047 157,
1830 2004 1860 2038 7.

1145 2060 1225 2105 328,
1259 2061 1313 2095 16.
1346 2061 1426 2105 402,
1458 2061 1513 2096 24.
1548 2060 1626 2105 418,
1659 2061 1691 2096 7.
1726 2061 1780 2096 10.
1814 2061 1860 2103 cl.

1147 2119 1225 2163 223,
1252 2119 1284 2154 4.
1311 2119 1390 2163 456,
1420 2119 1473 2154 14.
1501 2119 1554 2153 III
1581 2119 1636 2163 36,
1666 2119 1718 2154 19.

352 2177 409 2220 103
440 2177 487 2218 Cs-
518 2177 553 2212 ΙΙ
581 2178 661 2221 389,
693 2177 748 2213 27.
778 2177 857 2221 666,
887 2177 919 2212 5.
950 2176 1003 2212 III
1033 2177 1065 2221 2,
1100 2169 1451 2213 scholaris'levitas
1477 2176 1511 2211 II
1536 2176 1615 2221 673,
1643 2177 1697 2212 15.

352 2235 405 2269 17.
436 2234 488 2269 IV
518 2235 595 2279 129,
623 2235 655 2270 7.
685 2234 841 2279 instant,
873 2237 1065 2280 satagunt,
1100 2235 1290 2273 scissurae
1323 2235 1606 2271 dissensionum
1638 2245 1778 2281 graves
1810 2234 1861 2269 IV

351 2292 534 2336 ambiunt,
556 2296 598 2328 ut
621 2292 669 2328 de
692 2292 867 2328 omnibus
892 2293 962 2328 hoc
988 2303 1065 2328 cre-

351 2350 465 2385 datur
497 2350 531 2385 II
563 2351 643 2393 341,
674 2351 712 2394 33
747 2351 794 2392 cf.
828 2351 863 2385 II
899 2351 976 2395 135,
1011 2351 1065 2386 15.

352 2408 428 2452 187,
445 2409 498 2443 14.
513 2409 591 2452 485,
608 2409 661 2443 10.
680 2409 882 2452 (sedulitas
912 2412 1066 2444 nostrae

351 2466 562 2510 relationis)
603 2475 679 2502 non
720 2470 799 2501 tam
841 2466 912 2502 sibi
953 2476 1066 2512 quam

352 2524 428 2559 illis
457 2525 601 2570 satagit
630 2524 828 2568 provideri
858 2524 909 2559 IV
937 2525 1015 2569 469,
1047 2525 1064 2559 1

352 2582 473 2626 (Hel).
511 2587 687 2627 satagere
725 2582 915 2618 instanter
951 2586 1066 2628 atque

353 2640 500 2685 inpigre
535 2640 569 2675 II
603 2639 683 2684 419,
718 2640 773 2675 11.
808 2640 930 2686 magis
967 2643 1066 2676 sata-

352 2698 518 2742 gendum
542 2701 602 2733 est
625 2697 678 2733 III
700 2699 734 2742 3,
759 2699 813 2733 14.

306 2759 461 2790 satanas
492 2755 526 2790 II
554 2756 611 2799 40,
641 2756 695 2790 14.
726 2756 804 2800 157,
835 2755 902 2791 *17
931 2757 978 2792 al.
1009 2767 1066 2791 sa-

354 2816 470 2848 tanan
496 2813 531 2848 II
556 2813 636 2858 329,
661 2814 693 2848 4.

1144 2293 1202 2337 39,
1226 2292 1282 2327 22.

1099 2351 1310 2395 scripturae
1361 2360 1548 2396 geneseos
1598 2349 1860 2385 contradicere

1146 2408 1200 2443 III
1229 2408 1308 2452 562,
1341 2408 1374 2443 5.
1408 2407 1597 2452 scriptura
1627 2408 1689 2444 dei
1720 2407 1773 2442 III
1803 2408 1860 2451 67,

1149 2466 1202 2501 15.
1255 2465 1309 2500 IV
1359 2466 1436 2510 536,
1490 2466 1558 2505 16:
1611 2476 1645 2501 v.
1697 2466 1859 2501 litterae.

1145 2545 1193 2550 —
1215 2523 1302 2559 huic
1326 2523 1540 2567 scripturae
1563 2524 1604 2568 (ι’.
1627 2534 1658 2559 e.
1681 2533 1768 2568 epp.
1791 2524 1860 2558 238

1147 2584 1186 2617 et
1207 2581 1294 2625 239)
1317 2591 1340 2616 a
1361 2591 1419 2616 me
1442 2581 1610 2617 dictatae
1633 2584 1671 2617 et
1694 2580 1858 2616 relectae

1146 2638 1386 2684 Augustinus
1431 2638 1639 2684 subscripsi
1683 2638 1736 2673 IV
1780 2638 1860 2682 556,

1148 2697 1201 2731 15.
1225 2697 1305 2740 559,
1330 2697 1363 2731 7.

1101 2765 1140 2790 se.
1178 2757 1260 2789 toto
1300 2755 1355 2798 (z
1372 2754 1546 2789 omnibus
1582 2753 1743 2798 viribus)
1781 2753 1859 2789 ani—

1147 2822 1229 2847 mus
1256 2812 1293 2847 in
1317 2822 1372 2856 ea,
1397 2822 1494 2857 quae
1518 2822 1666 2857 semper
1689 2811 1859 2848 eiusdem
