2078 3054
304 130 358 173 50
937 139 1077 177 Index
1105 139 1178 176 ΙΙΙ.

304 259 503 303 presbyter
533 257 680 292 Firmus
711 257 817 301 prius
845 256 1061 301 Hipponem
1091 257 1324 301 pertulisset,
1354 267 1466 301 quam
1497 255 1736 301 Augustinus
1765 265 1812 291 ex

305 316 542 351 Mauretania
567 315 690 359 rediit,
716 322 763 358 et,
793 322 995 360 postquam
1022 315 1146 358 rediit,
1173 315 1319 349 Firmus
1346 314 1417 349 iam
1445 314 1532 349 inde
1558 314 1811 357 discessisset,

303 374 542 417 Augustinus
566 373 689 417 prima
710 373 944 407 rescribendi
970 373 1172 407 occasione
1197 383 1287 407 usus
1311 382 1378 416 per
1403 371 1579 406 Albinum
1604 371 1810 406 acolithum

302 431 453 466 brevem
483 430 687 474 epistulam
718 431 779 465 191
812 430 860 464 ad
891 430 1038 464 Sixtum
1068 430 1172 464 misit
1203 429 1448 474 prolixiorem
1479 440 1546 473 per
1575 429 1741 464 Firmum
1772 439 1811 463 se

301 490 503 523 missurum
541 498 624 523 esse
661 488 900 531 promittens.
947 488 1075 532 itaque
1111 498 1195 522 cum
1231 488 1379 522 Firmus
1415 497 1481 531 per
1517 486 1734 531 Hipponem
1773 486 1810 520 in

303 546 450 581 ltaliam
481 550 751 590 reverteretur,
778 546 817 580 id
844 545 945 590 quod
975 545 1089 589 paulo
1118 550 1203 588 post
1234 545 1375 579 factum
1405 554 1488 580 esse
1518 544 1713 587 probabile
1742 548 1810 587 est,

301 603 386 638 huic
412 614 561 648 quoque
588 603 747 638 alteram
772 602 890 637 multo
915 602 1125 647 longiorem
1151 602 1418 646 perferendam
1442 602 1560 646 dedit,
1586 602 1622 637 id
1649 607 1704 637 est
1733 602 1812 645 epi-

301 661 438 696 stulam
466 661 575 705 194¹)

439 729 617 774 Epistula
644 730 710 765 195
737 728 993 774 Hieronymus
1021 729 1278 774 Augustinum
1309 729 1466 764 summis
1493 728 1671 764 laudibus
1699 733 1811 763 ornat

299 791 336 822 et
367 787 603 823 conditorem
635 787 817 833 antiquae
848 797 997 822 rursum
1030 787 1117 822 fidei
1148 791 1365 831 veneratur,
1399 788 1475 831 qui,
1509 786 1644 831 inquit,
1676 789 1810 821 contra

299 846 436 886 flantes
458 849 596 880 ventos
618 845 756 880 ardore
779 846 869 886 fidei
890 846 1095 890 perstitisti
1116 845 1373 889 maluistique,
1399 847 1583 889 quantum
1605 846 1644 879 in
1668 847 1704 878 te
1724 844 1810 886 fuit,

297 903 402 938 solus
432 902 587 938 liberam·
617 902 665 937 de
697 903 873 938 Sodomis
906 913 1019 947 quam
1052 913 1136 937 cum
1168 902 1419 945 pereuntibus
1450 903 1693 944 commorari}
1725 902 1810 943 scit,

300 961 390 1005 quid
411 961 549 1003 dicam,
571 961 776 1004 prudentia
803 964 880 995 tua.
914 971 990 1005 qua
1011 960 1178 1005 imagine
1202 960 1293 1005 quid
1321 959 1609 1004 significaverit,
1633 959 1728 994 sat-is
1751 963 1810 994 est

298 1018 555 1062 perspicuum.
592 1017 764 1053 Zosimus
788 1018 888 1053 enim
915 1018 1078 1052 fallaciis
1103 1017 1387 1053 circumventus
1413 1027 1497 1052 cum
1524 1017 1657 1061 primis
1685 1016 1807 1060 ponti-

297 1075 433 1110 ficatus
459 1075 654 1111 mensibus
681 1075 878 1120 Pelagium
906 1080 945 1111 et
971 1075 1201 1111 Caelestium
1232 1075 1402 1110 haeresis
1430 1075 1629 1110 convictos
1657 1079 1695 1110 et
1722 1084 1810 1109 cou-

296 1132 498 1168 demnatos
533 1137 715 1178 tueretur,
749 1133 989 1179 Augustinus
1022 1143 1106 1168 cum
1143 1133 1282 1168 ceteris
1315 1133 1509 1168 Africanis
1542 1132 1736 1176 episcopis
1771 1132 1808 1166 in

298 1201 366 1226 suo
402 1190 544 1226 iudicio
576 1191 829 1234 perstiterunt
861 1195 975 1236 atque
1010 1191 1268 1235 pervicerunt,
1303 1196 1343 1226 ut
1378 1190 1550 1225 Zosimus
1586 1190 1667 1234 ipse
1705 1195 1809 1234 pate-

297 1248 409 1283 factis
445 1249 723 1284 haereticorum
761 1248 860 1284 dolis
896 1249 1113 1284 consentire
1149 1253 1350 1294 cogeretur
1386 1253 1423 1284 et
1460 1248 1655 1292 tractoria,
1694 1258 1807 1293 quam

297 1310 448 1351 vocant,
484 1306 611 1342 medio
646 1317 748 1341 anno
785 1306 852 1342 418
887 1306 936 1341 ad
974 1316 1107 1341 omnes
1143 1306 1347 1350 episcopos
1382 1306 1500 1341 missa
1535 1305 1734 1350 Pelagium
1770 1309 1807 1340 et

297 1364 526 1399 (faelestium
555 1364 840 1399 condemnaret.
879 1364 977 1399 hanc
1008 1364 1045 1399 in
1073 1364 1317 1399 defendenda
1345 1364 1418 1399 fide
1446 1362 1648 1398 victoriam
1677 1362 1807 1398 Hiero-

297 1431 434 1466 nymus
455 1422 624 1465 epistula
645 1422 711 1456 195
733 1422 950 1467 Augustino
971 1433 1084 1467 quam
1107 1422 1270 1466 primum
1293 1421 1447 1456 videtur
1472 1431 1555 1456 esse
1578 1420 1806 1466 gratulatus.

436 1489 611 1534 Epistula
654 1490 721 1525 196
760 1500 797 1534 p.
826 1490 904 1535 220,
945 1490 1002 1524 24:
1045 1490 1126 1525 Hoc
1164 1500 1287 1535 yenus
1327 1490 1521 1525 hominum
1565 1491 1694 1533 capita
1734 1489 1807 1523 sibi

296 1549 496 1583 int-onerat
525 1548 722 1593 Pelayium
750 1552 788 1583 et
814 1547 1058 1590 Caelestium,
1085 1549 1296 1593 impietatis
1324 1548 1436 1583 huius
1463 1550 1676 1582 assertores
1703 1557 1806 1582 acer-

296 1606 422 1649 rimos,
453 1607 519 1650 qui
548 1607 693 1641 recenti
723 1605 865 1641 iudicio
897 1606 961 1640 dei
991 1616 1060 1650 per
1089 1606 1295 1651 (liliqentes
1328 1609 1368 1641 et
1397 1606 1529 1647 fideles
1561 1615 1694 1640 servos
1724 1606 1806 1639 eius

295 1665 410 1698 (tiam
437 1664 626 1698 catholica
651 1665 917 1698 communione
941 1664 1086 1708 privati
1110 1667 1201 1698 sunt
1225 1667 1262 1698 et
1289 1667 1448 1708 propter
1473 1673 1538 1698 cor
1563 1664 1807 1708 inpoenitens

294 1720 420 1755 ‹ulhuc
460 1722 499 1756 in
538 1730 608 1755 sua
646 1720 895 1755 damnatione
934 1722 1157 1764 persistunt.
1209 1721 1301 1756 haec
1343 1721 1459 1765 igitur
1499 1720 1667 1764 epistula
1707 1720 1803 1755 sicut

296 1778 469 1822 superior
489 1778 636 1822 scripta
653 1783 712 1814 est
732 1784 820 1823 post·
840 1779 980 1814 Zosimi
1002 1779 1224 1814 tractoriam
1246 1783 1393 1814 aestate
1413 1778 1504 1814 anni
1524 1779 1592 1813 418
1615 1778 1805 1813 emissam.

295 1836 448 1880 quando
474 1840 601 1871 autem
627 1840 716 1880 post
741 1836 843 1871 illam
869 1837 1091 1872 tractoriam
1117 1837 1155 1872 id
1182 1837 1324 1871 factum
1355 1836 1415 1881 sit,
1441 1836 1515 1872 nisi
1541 1836 1643 1881 quod
1671 1845 1805 1871 recens

295 1894 434 1928 (licitur
459 1894 639 1929 iudicium
666 1894 738 1937 dei,
763 1895 981 1929 accuratius
1008 1894 1157 1930 definiri
1183 1895 1314 1939 nequit
1340 1905 1461 1939 neque
1490 1893 1693 1939 quicquam
1718 1903 1806 1928 cou-

294 1950 411 1996 ducit,
449 1951 550 1996 quod
589 1950 830 1986 Donatianus
866 1957 908 1987 ut
946 1953 984 1986 in
1021 1952 1210 1996 epistulae
1247 1952 1405 1987 exordio
1442 1952 1510 1995 (ad
1547 1951 1803 1986 venerabilem

294 2019 346 2042 se
362 2018 383 2043 n
400 2019 420 2042 e
435 2019 470 2043 m
493 2010 772 2052 Donatianum)
795 2009 850 2044 itav
872 2010 986 2044 etiam
1012 2010 1050 2045 in
1075 2010 1172 2044 actis
1196 2009 1346 2045 concilii
1376 2008 1692 2054 Carthaginensis
1717 2008 1803 2043 Kal.

297 2065 390 2100 Mais
413 2077 445 2101 a.
469 2067 537 2101 418
561 2066 723 2110 habiti2)
749 2067 954 2110 primatum
978 2072 1067 2102 tunc
1093 2067 1316 2110 provinciae
1343 2067 1567 2111 Byzacenae
1592 2066 1804 2101 obtinuisse

295 2123 544 2167 significatur.

435 2192 620 2236 Epistulis
657 2193 735 2229 197.
772 2193 851 2228 198.
888 2194 954 2229 199
992 2193 1050 2229 ‘de
1087 2193 1159 2228 fine
1198 2193 1351 2228 saeculi‘
1391 2193 1488 2228 inter
1526 2203 1565 2228 se
1602 2193 1801 2236 disputant

296 2249 533 2295 Augustinus
559 2254 595 2285 et
621 2250 848 2295 Hesychius,
874 2251 1079 2295 episcopus
1108 2251 1367 2286 Salonitanus.
1394 2256 1507 2296 atque
1535 2250 1696 2294 primum
1724 2250 1805 2295 qui·

434 2399 462 2443 ¹)
493 2409 528 2443 p.
552 2399 629 2444 162,
652 2400 822 2445 14—163,
845 2402 880 2444 4,
906 2401 983 2446 176,
1006 2401 1042 2435 5:
1067 2401 1110 2436 In
1133 2401 1311 2446 epistula,
1334 2411 1447 2446 quam
1472 2411 1542 2445 per
1565 2401 1802 2435 carissimum

293 2457 450 2497 fratrem
478 2461 651 2492 nostrum
677 2458 856 2493 Albinum
883 2459 1091 2493 acolithum
1117 2459 1214 2501 misi,
1239 2459 1486 2503 prolioeiorem
1515 2469 1573 2493 me
1600 2459 1803 2492 missurum

294 2524 377 2549 esse
405 2516 565 2558 promisi
592 2525 661 2559 per
692 2519 867 2550 sanctum
896 2515 1054 2556 fratrem
1083 2519 1122 2551 et
1150 2516 1491 2560 conpresbyterum
1523 2519 1695 2550 nostrum
1725 2515 1803 2549 Fir-

295 2582 407 2614 mum,
429 2574 495 2617 qui
513 2572 624 2607 nobis
644 2573 794 2608 litteras
816 2574 957 2608 adtulit
977 2574 1212 2609 sinceritatis
1234 2577 1334 2609 tuae.
1371 2584 1467 2619 quae
1490 2573 1694 2618 promissio
1717 2583 1800 2607 cum

295 2640 371 2663 non
395 2629 614 2664 inveniatur
637 2630 674 2665 in
699 2631 866 2674 epistula
889 2631 965 2675 191,
989 2631 1139 2676 qualem
1162 2641 1262 2666 nunc
1286 2631 1480 2675 habemus,
1503 2630 1692 2666 excidisse
1718 2641 1800 2665 eam

295 2692 351 2721 est
373 2687 474 2731 quod
496 2687 664 2722 conicias
690 2688 726 2722 in
748 2692 921 2723 extrema
941 2688 1118 2733 epistula,
1140 2689 1282 2734 quippe
1304 2699 1401 2733 quae
1423 2689 1522 2723 iusto
1545 2688 1650 2724 exitu
1672 2698 1801 2722 carere

294 2743 482 2779 videatur.

433 2802 460 2846 ²)
492 2801 613 2837 Mansi
643 2803 777 2837 concil.
806 2803 890 2838 coll.
920 2803 972 2837 ΠΙ
1002 2815 1037 2848 p.
1066 2804 1192 2847 823133
1221 2804 1271 2838 IV
1304 2815 1338 2848 p.
1367 2805 1434 2839 377
1450 2804 1489 2838 B.
