2078 3054
897 126 1038 162 Index
1066 126 1110 162 V.
1699 115 1778 155 317

274 248 406 286 postea
460 241 562 286 apud

272 300 519 345 septuaginta
560 300 675 335 ferme
715 300 983 343 episcoporum

272 358 447 402 eoru-ilio,
485 358 594 392 cuius
634 357 892 401 principatum
932 362 984 391 te-

273 416 397 459 nebat,
450 426 533 450 tra
575 414 835 458 traditoribus,

272 479 493 516 praesente„
529 478 644 518 atque
680 472 878 507 confessos
911 472 983 507 deo

271 531 482 571 dimiserat,
555 531 755 565 damnavit

272 588 482 622 tl·atlition;‚

272 715 360 737 suos
413 703 593 748 collegas,

271 820 325 854 86.
366 820 420 853 25.
460 819 514 861 87,
555 820 607 853 10.
646 819 700 862 88,
741 819 791 853 18.
832 819 886 863 89,
926 819 980 852 26.

271 878 325 911 96.
352 878 386 910 4;
414 877 460 917 cs.
487 878 541 913 89.
569 878 599 910 7.
628 877 679 910 11.
706 877 759 919 96,
788 876 841 910 24.
869 876 922 919 99,
951 877 979 910 7.

273 935 347 968 108.
379 935 433 968 20.
464 935 542 977 409,
578 935 629 968 17.
663 934 714 967 lll
746 934 824 977 239,
854 934 907 968 18.

224 992 504 1026 secundus
568 992 689 1026 minor

271 1060 363 1085 neus
415 1055 497 1084 erat
549 1050 714 1084 secundi

270 1107 331 1151 qui
371 1108 406 1141 in
442 1118 479 1142 re
516 1107 663 1142 ‹lifticili
700 1108 781 1142 eius
820 1107 980 1142 consilio

270 1166 447 1199 utebatur
480 1165 511 1198 ll
542 1165 596 1208 89,
626 1165 679 1199 ⁴21.

224 1225 246 1255 S
262 1223 341 1256 ele
360 1235 379 1257 ιι
396 1235 413 1256 ι·
432 1223 571 1267 iana,
615 1223 796 1267 religiosa
840 1223 980 1258 famula

269 1281 342 1317 «lei.
380 1281 488 1314 vuius
526 1281 663 1315 litteris
701 1281 742 1314 A.
781 1282 976 1324 respondit

269 1349 327 1382 ep.
361 1339 438 1372 265.

222 1398 245 1428 S
261 1406 279 1430 e
297 1408 316 1429 ιι
335 1408 353 1430 ι·
370 1407 387 1428 (-
404 1407 424 1430 a
454 1397 689 1440 temporibus
718 1397 979 1440 apostolorum

270 1454 350 1489 fuit.
402 1454 510 1488 euius
549 1454 662 1488 etiarn
704 1455 890 1498 quaedam
931 1454 977 1489 ad

269 1511 427 1546 l'aulum
455 1512 671 1555 apostolum
700 1512 878 1556 leguntur
903 1512 980 1555 epi-

270 1569 392 1603 stulae
426 1569 475 1602 llI
508 1570 585 1611 412,
618 1570 645 1603 1.

223 1638 238 1659 s
255 1638 272 1661 e
289 1637 311 1670 p
329 1634 338 1661 t
357 1638 376 1661 o
394 1638 414 1660 n
431 1639 451 1661 a
470 1627 581 1661 rius
616 1637 645 1661 t'.
680 1638 868 1662 munerus.

224 1694 274 1718 se
291 1694 313 1726 p
330 1689 340 1717 t
360 1695 381 1718 ιι
397 1695 418 1718 a
434 1684 607 1729 ginta:
664 1695 729 1719 eur
772 1685 808 1719 in
852 1684 979 1718 multis

270 1742 380 1776 aliter
435 1753 474 1777 se
530 1742 664 1777 habeat
720 1741 977 1777 Hebraeorum

269 1800 441 1834 codicum
476 1801 688 1835 auctoritas
721 1800 832 1835 aliter
865 1799 980 1835 Grae-

270 1867 411 1900 corum,
470 1868 568 1902 quae
626 1857 765 1892 dicitur
826 1857 982 1902 Septua-

269 1915 388 1958 ginta.
441 1926 486 1949 ex
542 1915 775 1960 Hieronymo
830 1915 975 1960 quaerit

271 1972 311 2005 A.
346 1972 373 2005 ll
410 1973 487 2016 254,
518 1973 549 2007 6.
581 1972 699 2006 editio
731 1973 979 2018 septuaginta

269 2030 519 2073 inu·1·p1·etu1n
558 2030 672 2064 etiam
710 2031 757 2064 ab
792 2030 980 2073 apostolis
1017 2030 1041 2064 S
1056 2040 1075 2064 e
1091 2041 1107 2064 r
1122 2030 1144 2064 d
1163 2030 1172 2063 i
1189 2041 1205 2063 ‹-
1223 2041 1241 2064 e
1260 2041 1279 2063 ιι
1297 2041 1312 2062 s
1328 2041 1346 2064 e

269 2087 482 2130 adprobata
526 2091 580 2121 est
627 2087 661 2121 ΙΙ
705 2088 783 2131 386,
830 2088 886 2131 193
930 2086 976 2128 cf.

269 2145 346 2187 254,
402 2146 450 2179 lt),
516 2145 558 2179 A.
608 2145 737 2179 laudat
791 2146 976 2180 Graecam

268 2203 514 2245 septuaginta
555 2203 805 2246 interpretum
845 2202 978 2237 editio-

270 2271 352 2294 nem
396 2259 426 2293 ll
467 2260 544 2298 254.
583 2261 615 2294 9.
654 2261 733 2303 317,
771 2262 790 2294 4
827 2259 976 2302 (Hier).

267 2318 346 2352 386.
390 2318 440 2352 19.
494 2317 536 2351 Α.
578 2322 784 2361 propterea
825 2317 975 2352 nolebat

271 2373 492 2418 Hieronymi
519 2385 565 2409 ex
592 2374 766 2410 Hebraeo
795 2375 977 2418 interpre-

269 2431 452 2466 tationem
497 2432 534 2466 in
576 2431 748 2467 eeclesiis
791 2431 877 2475 legi,
931 2442 977 2466 ne

267 2496 399 2524 eontra
432 2489 681 2535 septuaginta
709 2489 977 2524 auctoritatem

268 2552 461 2591 tamquam
511 2557 651 2582 novum
700 2547 845 2592 aliquid
895 2556 978 2591 pro-

268 2603 434 2638 ferentes
484 2614 621 2649 magno
670 2604 852 2639 scandalo
902 2615 981 2649 per-

267 2662 466 2697 turbarent
498 2662 628 2706 plebes
659 2662 801 2697 Christi
834 2662 867 2696 ll
897 2662 977 2706 386,

270 2720 321 2753 15.
349 2720 477 2764 itaque
505 2720 600 2754 lianc
626 2724 667 2753 ut
694 2719 853 2755 Latinae
880 2719 976 2754 veri-

269 2778 335 2810 tati
379 2777 524 2812 residat.
580 2778 752 2811 hortatur
791 2776 977 2822 Hierony-

618 241 889 286 Carthaginem
946 241 983 274 in
1002 271 1003 284 ,

888 424 1003 459 quos=

825 530 982 564 erimine
1001 530 1003 556 ἵ

546 598 622 622 ιιοιι
674 587 890 622 confessum
946 579 1003 621 et*

271 647 467 680 absentem
508 646 767 680 Caecilianum
810 645 1002 690 aliosque

657 714 752 749 quos
804 704 982 738 absentes

270 762 372 804 aputl
411 772 495 796 eum
533 771 642 795 nemo
679 761 900 796 convicerat
948 750 1002 795 11}

754 991 981 1036 eonsangui-
1000 1013 1001 1020 ι

764 1049 981 1094 Tigisitani,
1000 1075 1001 1080 ,

1019 1568 1305 1611 Seraphin,

1070 251 1170 275 mum
1208 240 1240 274 11
1280 240 1358 279 254,
1399 241 1450 276 11.
1489 251 1554 277 eur
1593 242 1635 277 A.
1673 242 1777 277 malit

1069 297 1237 333 Graecas
1280 299 1408 343 potius
1449 300 1655 334 canonicas
1696 301 1779 334 llie-

1069 366 1270 401 ronymum
1344 357 1590 401 interpretari
1663 358 1779 402 serip-

1070 419 1189 458 tusas,
1231 425 1327 459 quae
1373 415 1621 460 septuaginta
1665 418 1778 450 inter-

1070 478 1217 514 pretum
1261 472 1508 515 perhibentur
1555 472 1585 506 ll
1628 474 1706 517 252,
1750 474 1778 507 1.

1069 527 1291 574 Hieronymi
1336 529 1377 563 A.
1422 530 1776 573 interpretationem

1069 587 1343 630 st·ript111·ar1nn
1415 588 1460 623 ‹le
1532 588 1778 633 septuaginta

1068 644 1275 686 desiderat,
1328 652 1363 679 ut
1408 650 1515 679 tanta
1556 645 1777 680 Latinorum

1070 702 1318 745 interpretum
1363 702 1541 746 inperitia
1581 714 1779 737 careamus

1072 760 1102 793 11
1152 760 1232 804 386,
1283 761 1335 794 11.
1388 760 1611 805 Hieronymi
1660 761 1777 796 editio

1068 817 1319 861 Septuaginta
1369 818 1563 853 asteriscis
1614 818 1780 852 veribus-

1068 873 1140 919 que
1194 875 1376 909 distineta
1432 881 1528 913 erat:
1596 876 1777 921 pleraque

1067 937 1195 967 autem
1234 933 1372 976 prioris
1411 933 1553 968 laboris
1593 934 1640 968 ob
1680 933 1778 968 frau-

1067 990 1152 1025 dem
1182 990 1380 1025 cuiusdam
1410 991 1591 1026 amiserat
1618 991 1671 1025 ΙΙΙ
1701 992 1778 1033 639,

1068 1047 1089 1082 8
1125 1048 1275 1092 (Ilien).
1318 1049 1360 1083 A.
1400 1048 1674 1094 Hieronymum
1716 1050 1777 1084 ob-

1067 1107 1245 1151 secravit,
1280 1111 1319 1141 ut
1357 1107 1426 1141 sibi
1462 1107 1627 1142 mitteret
1664 1107 1777 1142 inter-

1067 1165 1321 1207 pretationem
1396 1165 1443 1199 ‹le
1518 1166 1775 1210 septuaginta,

1067 1233 1179 1266 quam
1232 1233 1315 1257 eunt
1370 1223 1537 1257 edidisse
1589 1223 1776 1257 nes-eierat

1068 1279 1099 1313 Il
1128 1280 1207 1324 385,
1236 1281 1287 1314 19.
1317 1290 1383 1313 eur
1411 1291 1479 1314 sua
1509 1280 1776 1324 interpretatio

1065 1337 1313 1382 septuaginta
1371 1337 1622 1380 interpretum
1680 1342 1778 1373 aste-

1065 1395 1185 1430 riscos
1219 1395 1355 1429 habeat
1392 1401 1425 1429 et
1463 1395 1633 1438 virgulas
1671 1406 1777 1439 prae-

1066 1456 1231 1496 nomtas,
1264 1452 1519 1497 Hieronymus
1551 1454 1710 1496 exponit
1744 1453 1773 1486 ll

1064 1511 1143 1553 316,
1170 1511 1202 1544 3.

1360 1569 1583 1614 angelorum
1639 1569 1776 1603 ehorus

1066 1625 1098 1659 Il
1147 1626 1225 1663 203.
1277 1627 1305 1660 7.
1355 1627 1433 1670 504,
1482 1627 1512 1660 9.
1589 1626 1774 1669 seraphin

1065 1684 1219 1728 quando
1256 1684 1389 1727 voluit,
1425 1684 1605 1728 apparuit
1640 1689 1674 1718 et
1713 1695 1776 1717 vo-

1066 1751 1145 1775 cem
1187 1741 1268 1776 eius
1308 1742 1443 1776 Esaias
1483 1741 1585 1776 solus
1626 1742 1771 1776 audivit

1066 1798 1117 1832 Ill
1149 1799 1227 1843 ⁶290,
1255 1799 1309 1834 22.
1340 1803 1552 1842 potestates
1583 1800 1773 1834 caelorum

1065 1857 1164 1892 sicut
1194 1857 1392 1901 Seraphin,
1422 1858 1494 1892 nisi
1527 1869 1610 1892 eum
1640 1858 1772 1891 volunt

1064 1920 1102 1949 et
1129 1926 1239 1959 quem
1269 1915 1317 1949 ad
1344 1915 1496 1950 modum
1526 1915 1670 1959 volunt,
1700 1925 1773 1948 non

1065 1972 1245 2006 videntur
1276 1972 1325 2005 lll
1358 1973 1435 2015 297,
1464 1973 1495 2006 3.

1414 2030 1628 2070 eoncilium,
1699 2040 1773 2074 quo

1062 2086 1289 2121 Donatistae
1326 2087 1628 2122 communionem
1667 2098 1772 2121 suam

1063 2144 1270 2179 defendere
1310 2145 1560 2189 conabantur,
1600 2145 1774 2179 constitit

1063 2202 1310 2236 Arrianorum
1346 2202 1463 2237 fuisse
1500 2202 1702 2237 com-ilium
1740 2201 1773 2235 ΙΙ

1065 2260 1141 2303 113,
1179 2260 1233 2294 21.
1274 2260 1349 2303 114,
1390 2260 1442 2294 17.
1480 2270 1566 2294 nam
1606 2259 1773 2294 Athana-

1063 2317 1152 2360 sius,
1217 2317 1423 2360 episeopus
1489 2317 1773 2353 Alexandrinus

1065 2374 1289 2417 catholicus,
1333 2379 1370 2409 et
1414 2374 1542 2418 lulius,
1586 2375 1770 2410 ecclesiae

1064 2432 1258 2467 Romanae
1301 2432 1507 2476 episcopus
1548 2432 1665 2466 nihilo
1708 2432 1772 2466 mi-

1063 2499 1134 2524 nus
1196 2489 1419 2534 catholicus,
1482 2489 1546 2524 illo
1610 2489 1773 2524 coneilio

1063 2553 1151 2581 sunt
1187 2547 1379 2590 inprobat-i
1415 2546 1448 2581 ΙΙ
1486 2547 1561 2591 114,
1601 2548 1653 2582 13.
1690 2546 1772 2583 Ser-

1062 2604 1230 2639 dicensis
1286 2604 1437 2639 concilii
1494 2605 1667 2648 episcopi
1723 2604 1769 2638 ad

1063 2661 1252 2697 Donatum
1307 2662 1469 2707 aliquem
1523 2662 1770 2706 seripserunt„

1062 2721 1127 2755 sed
1159 2731 1203 2755 ne
1231 2721 1279 2755 ad
1311 2720 1476 2754 Africam
1503 2720 1655 2765 quidem
1686 2719 1770 2754 illas

1061 2777 1208 2813 litteras
1244 2778 1379 2812 missas
1412 2787 1494 2812 esse
1529 2777 1654 2821 potuit
1686 2787 1769 2821 pro-
