2078 3054
264 185 346 224 224

305 310 407 359 deon
442 310 677 355 impetravit,
712 315 803 346 tune
839 311 946 346 velut
981 311 1020 345 in

304 367 447 403 vellere
507 368 670 413 occulta,
729 379 830 403 nunc
890 372 1019 404 autem

305 426 411 461 velut
440 426 478 462 in
507 437 597 462 area
624 426 832 462 manifesta
856 427 935 471 682,
966 427 1034 462 14..

305 484 398 519 haec
428 495 520 520 vero
552 489 767 528 temporum
798 485 1019 521 distribut-io

305 542 469 578 refertur
503 544 552 578 ad
586 543 831 580 altitudinem
866 543 1021 579 divitia—

305 611 387 636 rum
421 601 637 645 sapientiae
669 606 707 637 et
740 602 925 643 scientiae
958 601 1021 637 dei

304 659 383 703 683,
424 659 455 694 2.
498 659 729 695 resurrectio
770 660 916 697 domini
955 660 1020 695 tri-

305 717 434 752 duana
458 721 531 762 est3
554 718 718 762 primum
742 718 843 754 enim
867 723 1020 763 tempus

305 779 364 810 est
401 780 490 811 ante
528 776 665 821 legem,
702 777 914 814 secundum
951 777 1022 812 sub

304 834 399 879 lege,
431 834 588 869 tertium
619 835 688 870 sub
716 835 844 879 gratia
876 834 911 869 ΙΙ
942 835 1020 878 174,

305 892 361 927 22.
387 902 464 927 non
491 896 549 929 est
574 893 700 938 gratia
727 893 789 928 dei
817 893 855 928 in
882 897 1021 929 natura

305 950 414 986 liberi
451 951 601 986 arbitrii
637 955 676 987 et
710 951 748 986 in
783 951 869 996 lege
904 956 1020 997 atque

305 1009 484 1044 doctrina
517 1008 570 1044 IV
604 1009 683 1054 412,
718 1010 751 1044 6.
786 1009 866 1055 417,
901 1010 937 1054 5;
973 1009 1020 1052 cf.

308 1067 385 1112 121,
413 1068 466 1103 12.
494 1067 570 1112 126,
598 1067 629 1103 1.
656 1067 839 1114 Pelagius
865 1073 903 1103 et
927 1067 1021 1103 Cae-

305 1125 440 1161 lestius
491 1126 724 1162 adserebant
775 1127 814 1162 in
864 1136 909 1162 eo
958 1125 1021 1162 'dei

304 1184 470 1227 grat-iam
508 1184 785 1230 deputandam,
823 1184 928 1230 quod
963 1188 1021 1225 ta-

259 1279 264 1284 ,
305 1242 378 1278 lem
406 1242 572 1278 hominis
600 1233 770 1279 instituit
796 1243 1020 1290 creavitque

306 1305 496 1346 naturam,
549 1311 648 1347 quae
701 1311 770 1346 per
823 1301 1020 1346 propriam

306 1359 546 1395 voluntatem
571 1359 695 1406 legem
720 1359 784 1396 dei
807 1360 932 1405 possit
955 1360 1022 1395 im-

306 1417 411 1462 plere
441 1417 496 1452 111
525 1408 605 1463 656,
635 1418 668 1463 13
699 1418 746 1460 cf.
774 1418 855 1465 657,
883 1419 914 1453 1.
942 1418 1022 1463 675,

307 1477 361 1511 17.
396 1477 476 1522 677,
512 1477 544 1512 5.
579 1476 659 1522 678,
694 1477 726 1512 7.
761 1476 840 1522 692,
878 1477 932 1515 16.
968 1476 1021 1511 IV

307 1535 384 1579 182,
416 1535 449 1570 8.
482 1534 714 1580 quicumque
744 1534 924 1571 adfirmat
955 1535 1022 1570 hu-

306 1603 458 1628 manam
482 1593 554 1628 sibi
574 1594 624 1628 ad
645 1593 841 1629 vincenda
860 1597 1023 1639 peccata

306 1656 344 1687 et
381 1651 444 1687 dei
480 1651 666 1687 mandata
702 1651 884 1688 facienda
920 1651 1023 1688 suffi-

307 1721 392 1746 cere
421 1720 535 1754 posse
564 1714 742 1745 naturam
770 1714 809 1746 et
825 1720 879 1759 *eo
906 1711 1021 1746 modo

305 1770 455 1815 gratiae
489 1770 553 1806 dei
589 1770 838 1807 adversarius
875 1770 1022 1806 inveni-

306 1835 379 1876 tur,
423 1830 632 1866 anathema
675 1831 725 1866 sit
767 1830 824 1866 III
866 1831 946 1877 662,
990 1831 1022 1866 5.

307 1890 432 1926 omnis
483 1891 647 1927 intentio
702 1892 852 1937 gratiae
905 1895 1023 1928 testa-

307 1951 429 1987 menti
454 1951 560 1986 .novi
600 1952 640 1987 id
680 1952 773 1998 agit,
814 1962 863 1988 ne
903 1952 1022 1987 simus

307 2011 461 2057 ingrati,
489 2016 604 2058 atque
634 2012 672 2047 in
698 2012 786 2057 ipsa
809 2012 1021 2058 gratiarum

306 2071 460 2108 actione
498 2072 593 2108 nihil
628 2072 734 2108 aliud
771 2073 911 2118 agitur,
947 2073 1022 2108 nisi

307 2135 361 2176 ut,
386 2132 451 2177 qui
474 2131 675 2178 gloriatur,
698 2133 738 2168 in
763 2133 919 2169 domino
943 2132 1023 2179 glo-

308 2191 428 2227 rietur
449 2191 504 2226 ΙΙΙ
526 2192 606 2239 234,
631 2193 660 2228 1.
684 2193 909 2230 testamenti
931 2193 1022 2229 novi

306 2251 435 2296 gratia
480 2252 596 2289 habet
641 2253 900 2299 adversarios,
958 2253 1023 2299 qui

307 2322 385 2347 non
412 2312 485 2347 deo
510 2313 678 2349 tribuere
704 2313 773 2349 sed
797 2313 927 2358 potius
951 2313 1023 2349 sibi

307 2372 444 2408 volunt
467 2373 669 2419 adrogare,
692 2374 796 2420 quod
817 2375 909 2410 boni
934 2378 1023 2410 sunt

308 2432 363 2467 III
386 2433 464 2478 231,
491 2434 544 2469 19.
567 2434 733 2480 gratiam
757 2434 855 2470 cinis
879 2445 1023 2472 vaccae

308 2497 347 2528 et
378 2494 553 2538 aspersio
585 2495 787 2540 sanguinis
820 2499 859 2531 et
891 2505 1024 2531 eruen-

307 2558 433 2589 tarum
470 2554 744 2599 multiplicatio
778 2556 1023 2591 victimarum

308 2613 564 2659 significabat,
609 2625 687 2650 non
731 2615 924 2651 efficiebat
969 2615 1024 2650 III

308 2673 387 2718 355,
414 2673 445 2709 1.
467 2675 596 2719 gratia
618 2674 751 2720 utique
775 2675 891 2711 nullis
914 2676 1024 2712 meri-

308 2733 358 2768 tis
393 2734 579 2780 redditur,
614 2735 681 2771 sed
714 2736 887 2781 gratuita
918 2736 1025 2772 boni-

309 2797 389 2829 tate
419 2794 586 2830 donatur
614 2794 668 2830 IV
698 2795 774 2840 179,
802 2796 823 2831 2
852 2807 922 2832 nee
949 2797 1025 2832 ista

311 2858 411 2888 essct
464 2855 601 2899 gratia,
654 2856 686 2890 si
738 2867 813 2891 non
867 2857 1024 2892 daretur

931 198 1072 233 Index
1104 200 1146 234 V.

1104 312 1285 357 gratuita,
1323 314 1391 348 sed
1427 314 1558 349 debita
1593 315 1819 351 redderetur

1106 370 1183 415 182,
1215 371 1251 415 2;
1288 371 1335 412 cf.
1368 372 1424 417 55,
1456 371 1488 407 6.
1522 372 1649 417 gratia
1681 373 1819 419 quibus

1104 428 1230 474 datur,
1259 429 1527 466 misericordia
1557 431 1619 466 dei
1649 432 1819 477 gratuita

1105 486 1220 522 datur
1242 492 1291 533 et,
1313 488 1451 533 quibus
1472 499 1549 524 non
1570 490 1695 535 datur,
1718 490 1819 526 iusto

1106 545 1249 581 iudicio
1273 546 1338 582 dei
1361 556 1439 582 non
1464 547 1579 583 datur
1603 548 1655 583 IV
1679 549 1758 594 415,
1783 550 1818 587 5:

1106 606 1153 647 ct.
1177 606 1257 652 418,
1280 607 1312 642 6.
1336 608 1518 651 operibus
1543 609 1714 645 debitum
1737 610 1820 645 red-

1106 665 1221 711 ditur,
1251 667 1380 712 gratia
1409 668 1532 713 gratis
1561 669 1686 714 datur,
1719 670 1820 706 unde

1106 726 1222 761 etiam
1267 732 1514 772 nuncupatur
1570 728 1622 763 IV
1665 730 1722 775 50,
1767 730 1820 765 13.

1105 786 1233 832 gratia
1266 792 1489 833 evacuatur,
1523 789 1555 824 si
1587 799 1666 825 non
1699 791 1821 836 gratis

1106 848 1283 893 donatur,
1334 849 1402 884 sed
1450 849 1598 884 meritis
1647 850 1821 885 redditur

1107 908 1159 943 IV
1199 909 1277 954 187,
1315 910 1369 944 10.
1407 909 1494 954 ipsa
1529 914 1690 946 aeterna
1726 911 1820 956 vita,

1107 980 1205 1014 quae
1262 970 1395 1016 utique
1450 971 1488 1005 in
1544 970 1618 1007 fine
1674 971 1821 1007 meritis

1106 1031 1429 1074 praecedentibus
1461 1032 1649 1078 redditur,
1693 1037 1823 1068 tamen

1106 1092 1223 1127 etiam
1270 1093 1357 1136 ipsa
1402 1093 1531 1138 gratia
1571 1087 1822 1138 'nuncupatur

1107 1163 1185 1188 non
1222 1154 1271 1189 ob
1306 1154 1424 1199 aliud,
1462 1154 1536 1189 nisi
1572 1155 1663 1200 quia
1699 1156 1821 1201 gratis

1107 1214 1233 1260 datur,
1262 1225 1332 1250 nee
1361 1215 1461 1261 ideo,
1488 1215 1581 1261 quia
1606 1226 1685 1251 non
1712 1217 1822 1252 meri-

1107 1275 1157 1311 tis
1185 1276 1310 1322 datur,
1338 1277 1406 1312 sed
1433 1277 1524 1322 quia
1549 1277 1643 1312 data
1667 1282 1757 1313 sunt
1785 1283 1823 1314 et

1107 1336 1193 1380 ipsa
1235 1337 1384 1383 merita,
1429 1338 1568 1383 quibus
1612 1338 1727 1374 datur
1770 1339 1822 1373 IV

1108 1397 1186 1442 190,
1213 1397 1269 1433 21.
1299 1398 1427 1444 gratia
1454 1398 1517 1434 dei
1547 1408 1618 1434 nec
1647 1399 1822 1443 parvulis

1107 1468 1177 1494 nec
1205 1458 1415 1495 maioribus
1445 1460 1656 1496 secundum
1685 1460 1823 1496 merita¹

1107 1523 1242 1555 nostra
1265 1520 1380 1555 datur
1407 1520 1459 1555 IV
1482 1520 1562 1566 414,
1586 1520 1646 1565 233
1671 1521 1718 1563 cf.
1742 1522 1821 1565 415,

1108 1581 1138 1616 1.
1170 1581 1250 1626 416,
1281 1581 1337 1617 23.
1368 1592 1464 1617 vera
1492 1581 1556 1617 dei
1586 1582 1716 1627 gratia
1744 1592 1822 1617 non

1108 1642 1318 1678 secundum
1355 1642 1494 1678 merita
1527 1647 1663 1678 nostra
1697 1643 1822 1687 datur,

1108 1703 1176 1739 sed
1203 1703 1270 1738 dat
1299 1703 1439 1739 merita
1467 1703 1563 1749 ipsa,
1593 1713 1679 1740 cum
1708 1704 1822 1739 datur

1108 1763 1162 1799 IV
1183 1764 1264 1810 406,
1287 1764 1345 1809 183
1368 1764 1415 1806 cf.
1441 1765 1496 1810 73,
1520 1764 1551 1800 1.
1574 1765 1628 1800 13.
1651 1775 1698 1801 ne
1721 1765 1823 1811 quis-

1108 1835 1222 1871 quam
1248 1825 1355 1861 dicat
1378 1825 1527 1862 meritis
1552 1835 1712 1870 operum
1738 1836 1823 1861 suo-

1107 1896 1190 1921 rum
1219 1886 1282 1922 vel
1310 1887 1459 1922 meritis
1488 1887 1708 1922 orationum
1738 1897 1823 1922 sua-

1107 1957 1191 1982 rum
1223 1947 1287 1983 vel
1320 1947 1469 1983 meritis
1500 1947 1590 1983 fidei
1623 1958 1716 1984 suae
1751 1947 1823 1983 sibi

1107 2007 1290 2058 traditam
1334 2008 1396 2043 dei
1439 2008 1605 2053 gratiam
1650 2008 1703 2043 IV
1743 2008 1823 2053 383,

1110 2068 1163 2103 15.
1214 2078 1292 2104 non
1342 2069 1453 2104 iuxta
1501 2069 1640 2104 merita
1689 2073 1824 2104 nostra

1108 2129 1222 2165 datur
1262 2129 1406 2165 donum
1447 2129 1606 2173 pietatis
1646 2130 1714 2166 sed
1754 2139 1823 2174 per

1107 2190 1273 2234 gratiam
1309 2190 1567 2235 redemptoris
1600 2190 1654 2225 IV
1687 2190 1768 2237 400,
1802 2191 1823 2225 9

1107 2250 1240 2294 (Val.).
1271 2261 1350 2287 non
1382 2251 1549 2297 gratiam
1581 2250 1645 2287 dei
1676 2251 1822 2296 aliquid

1108 2311 1235 2347 meriti
1286 2312 1488 2356 praecedit
1535 2312 1705 2358 humani,
1755 2311 1823 2357 sed

1109 2372 1195 2417 ipsa
1231 2373 1360 2418 gratia
1393 2376 1562 2409 meretur
1598 2373 1744 2419 augeri,
1782 2376 1825 2408 ut

1105 2437 1224 2468 ,aucta
1251 2438 1444 2469 mereatur
1471 2438 1510 2470 et
1537 2433 1681 2479 perfici,
1709 2433 1824 2469 comi-

1108 2498 1215 2530 tante
1263 2504 1341 2530 non
1387 2494 1565 2539 ducente,
1611 2494 1824 2539 pedisequa

1109 2564 1187 2589 non
1214 2555 1376 2598 praevia
1401 2555 1603 2591 voluntate
1630 2555 1684 2590 IV
1710 2555 1766 2600 53,
1790 2555 1823 2590 6.

1109 2615 1212 2661 quod
1241 2619 1300 2651 est
1328 2616 1507 2651 meritum
1538 2615 1704 2651 hominis
1733 2619 1823 2651 ante

1108 2675 1285 2721 gratiam,
1331 2686 1405 2722 quo
1449 2676 1587 2711 merito
1633 2666 1825 2720 percipiat

1108 2736 1285 2785 gratiam,
1308 2746 1393 2772 cum
1417 2747 1529 2772 omne
1550 2737 1691 2772 bonum
1713 2738 1824 2773 meri-

1109 2801 1190 2833 tum
1210 2801 1385 2833 nostrum
1411 2808 1489 2833 non
1511 2798 1551 2833 in
1571 2798 1682 2834 nobis
1706 2797 1824 2833 faeiat

1111 2858 1182 2893 nisi
1211 2858 1360 2901 gratia?
1389 2858 1440 2893 lv
1470 2859 1546 2903 190,
1576 2859 1629 2894 12.
