2078 3054
300 135 533 169 Lxxxx'lll
940 135 1183 171 Praefatio,

296 251 395 293 dum
428 258 517 293 erat
550 252 775 306 episcopus
808 253 1148 306 (1a.386--5395t‚
1191 254 1324 294 altera
1357 254 1559 307 epistulas
1591 259 1687 296 ante
1721 269 1817 298 cou—

294 315 494 357 lationem
527 328 619 357 cum
654 316 887 358 Donatistis
921 316 1105 357 habitam
1141 317 1380 371 Augustino
1413 318 1609 372 episcopo
1642 319 1820 373 scriptas

296 379 350 432 (ja.
362 378 444 419 396
457 379 757 432 —4lO),tertia
770 380 975 433 epistulas
988 380 1135 433 reliqui
1150 381 1262 422 vitae
1274 381 1473 434 temporis
1487 383 1597 434 (a.41
1615 382 1817 436 1—430);

296 447 487 495 quartam
534 448 694 496 partem
743 443 933 484 efficiunt
976 444 1196 498 epistulae,
1255 457 1430 497 quarum
1473 449 1639 499 tempus
1681 446 1818 487 minus

296 511 359 548 est
399 512 669 559 compertum.
714 506 753 546 in
800 514 916 547 tanta
955 507 1230 561 epistularum
1264 507 1532 549 multitudine
1564 509 1819 563 perquirere,

296 569 464 621 quando
496 583 690 622 quaeque
723 571 878 623 scripta
912 577 1035 612 esset.
1071 584 1135 612 res
1168 577 1256 612 erat
1290 572 1484 626 permulti
1508 572 1676 623 laboris,
1711 586 1819 625 quae

295 646 490 686 magnam
535 633 811 674 eruditionem
853 642 981 687 atque
1023 633 1270 686 doctrinam,
1314 635 1577 688 diligentiam
1611 642 1651 676 et
1684 649 1818 689 perse·

295 696 526 737 verantiam
559 696 791 750 flagitabat.
827 697 866 737 in
902 711 985 750 qua
1017 698 1264 750 quaestione
1297 698 1564 752 expedienda
1596 699 1819 739 contieien·

295 759 432 813 daque
466 760 645 801 Maurini
681 774 834 814 magna
866 774 959 802 cuin
993 761 1117 803 laude
1151 762 1305 803 versati
1340 770 1455 804 sunt:
1489 762 1676 815 undique
1710 763 1818 804 enini

294 823 434 865 omnia
475 830 705 878 temporum
749 824 905 865 indicia
947 825 1214 879 colligebant,
1258 839 1364 878 quae
1406 833 1477 866 aut
1516 826 1556 866 in
1596 826 1700 881 ipsis
1733 826 1818 880 epi-

294 887 414 929 stulis
456 901 684 941 earumque
726 888 834 930 inter
876 902 920 930 se
968 888 1287 931 condicionibus
1335 889 1601 944 reperiebant
1648 896 1721 931 aut
1767 903 1819 931 ex

294 951 443 992 litteris
482 952 692 1004 rebusque
729 951 862 1006 gestis
901 965 994 993 cum
1034 951 1223 1006 profanis
1256 959 1340 994 tum
1375 953 1673 996 ecclesiasticis
1705 959 1820 1007 pote-

294 1022 387 1055 rant
418 1015 689 1069 investigare.
725 1029 881 1070 magna
912 1023 1052 1057 autem
1087 1023 1150 1058 est
1182 1017 1222 1057 in
1256 1016 1335 1058 liae
1368 1030 1411 1057 re
1444 1017 1717 1070 epistularum
1753 1031 1820 1058 va-

293 1079 434 1120 rietas.
487 1079 526 1119 in
577 1079 844 1133 paucissimis
891 1079 1003 1120 enim
1049 1085 1245 1122 accurate
1292 1080 1599 1133 subtiliterque,
1652 1080 1820 1133 quando

294 1143 474 1197 scriptae
507 1143 603 1196 sint,
648 1143 845 1184 constitui
879 1148 1030 1197 potest,
1070 1143 1110 1184 in
1145 1144 1285 1185 multis
1318 1144 1453 1185 obiter
1484 1144 1588 1184 inita
1620 1145 1820 1199 temporis

294 1205 576 1261 descriptione
609 1207 793 1247 contenti
827 1219 921 1249 esse
953 1206 1171 1248 debemus.
1207 1220 1289 1260 qua
1321 1221 1362 1249 re
1396 1220 1575 1261 magnae
1608 1206 1706 1249 inde
1730 1221 1820 1250 nas-

294 1278 445 1311 cuntur
476 1270 751 1312 difficultates
784 1283 922 1323 neque
955 1276 1032 1321 est,
1065 1283 1138 1312 eur
1170 1272 1381 1321 miremur,
1415 1271 1449 1313 si
1482 1271 1556 1322 rei,
1597 1284 1705 1324 quae
1737 1272 1819 1326 pri-

292 1347 403 1375 mum
436 1340 500 1376 est
532 1339 747 1388 temptata,
781 1334 984 1375 nonnulla
1016 1333 1251 1386 inhaerent,
1284 1348 1392 1388 quae
1425 1334 1661 1388 corrigendi
1694 1347 1822 1389 opera

293 1397 521 1451 indigeant.
562 1397 816 1452 praecipuae
848 1404 989 1439 autem
1024 1396 1310 1440 dubitationes
1343 1398 1546 1439 Maurinis
1577 1399 1821 1440 oriebantur

293 1474 354 1513 eo,
410 1461 520 1514 quod
572 1462 614 1502 in
663 1462 939 1516 epistularum
986 1461 1133 1503 ordine
1179 1462 1407 1515 unicuique
1454 1462 1673 1516 epistulae,
1728 1464 1820 1514 etsi,

293 1524 462 1578 quando
495 1525 650 1580 scripta
673 1530 799 1577 esset,
837 1525 984 1567 incerti
1007 1525 1116 1566 inter
1138 1526 1374 1580 complures
1394 1539 1530 1567 annos
1551 1524 1818 1575 fluctuarent,

293 1595 432 1631 certus
473 1588 645 1642 quidam
689 1590 805 1631 locus
845 1594 937 1630 erat
972 1588 1282 1643 adsignandus‚
1328 1589 1439 1631 unde
1471 1588 1595 1630 facile
1626 1590 1715 1630 tieri
1748 1603 1818 1643 po-

293 1657 411 1704 terat,
446 1659 489 1694 ut
521 1653 635 1694 loeus
669 1653 773 1707 ipse,
806 1666 931 1706 quem
963 1652 1238 1707 delegissent,
1271 1653 1473 1707 temporis
1495 1652 1819 1707 descriptionem

292 1716 493 1770 turbaret,
536 1722 581 1757 ut
623 1716 845 1771 diligentia
880 1722 1009 1769 atque
1047 1716 1262 1759 subtilitas
1293 1718 1565 1768 minueretur,
1609 1717 1820 1759 erroribus

292 1780 469 1822 materia
501 1779 683 1822 daretur.
717 1780 845 1831 velut,
878 1793 1007 1822 unum
1031 1784 1076 1821 ut
1097 1793 1248 1834 ponam
1273 1777 1528 1835 exemplum,
1562 1781 1744 1834 epistula
1765 1782 1819 1820 42}

293 1843 461 1897 quando
507 1844 664 1899 scripta
704 1844 770 1896 sit,
818 1845 1056 1886 accuratius
1098 1842 1262 1885 definiri
1297 1858 1377 1885 non
1413 1850 1562 1898 potest,
1612 1858 1737 1897 quani
1777 1849 1821 1885 ut

293 1908 400 1948 inter
441 1921 575 1949 annos
613 1908 845 1948 396-410
886 1907 927 1948 id
970 1907 1128 1949 factum
1167 1921 1261 1950 esse
1304 1907 1507 1949 dicamus.
1557 1921 1610 1948 ex
1653 1907 1820 1949 duabus

291 1977 432 2013 autem
456 1972 663 2025 epistulis,
695 1971 805 2013 inter
829 1984 935 2025 quas
959 1971 1138 2012 Maurini
1163 1985 1252 2013 eam
1278 1972 1620 2023 conlocaverunt,
1643 1971 1819 2012 alteram

291 2037 397 2090 forte
429 2049 538 2076 anno
571 2038 656 2077 398
693 2035 893 2089 scriptam
931 2048 1026 2077 esse
1057 2035 1190 2086 aiunt,
1232 2035 1407 2076 alteram
1440 2036 1545 2089 forte
1578 2049 1688 2076 aomo
1720 2038 1820 2085 399,-

292 2097 404 2151 quod
447 2099 480 2140 si
521 2097 748 2139 adfirmant
788 2098 1013 2153 epistulam
1044 2097 1099 2138 49
1138 2099 1249 2140 circa
1290 2099 1398 2140 idem
1432 2103 1589 2151 tempus
1622 2098 1819 2152 scriptam

293 2175 400 2215 esse,
444 2161 557 2203 baud
599 2162 685 2204 scio
726 2175 780 2204 an
822 2176 945 2204 nemo
990 2162 1198 2216 epistulae
1235 2168 1402 2216 tempus
1436 2176 1535 2203 vera
1567 2162 1821 2216 cogita-tione

293 2227 372 2268 sibi
415 2225 630 2280 depingat.
674 2226 741 2267 cui
783 2225 1046 2267 incommodo
1079 2231 1124 2267 ut
1165 2225 1367 2275 mederer,
1417 2226 1458 2266 in
1502 2225 1653 2277 indice,
1697 2238 1818 2278 quem

295 2289 360 2331 ‘de
393 2290 664 2344 epistularum
695 2289 841 2331 ordine
873 2298 1000 2343 atque
1033 2289 1303 2343 temporibus*
1337 2290 1376 2330 in
1413 2289 1489 2330 boc
1513 2289 1724 2330 volumine
1746 2287 1819 2329 ad·

293 2352 477 2395 dendum
516 2353 672 2403 curavi,
719 2353 858 2407 quoad
895 2353 982 2394 fieri
1022 2359 1198 2407 poterat,
1243 2353 1443 2407 temporis
1475 2352 1677 2394 terminos
1717 2351 1818 2393 defi-

293 2417 383 2459 nire
415 2417 611 2468 conabar,
645 2416 755 2458 intra
786 2430 890 2470 quos
923 2416 1104 2471 epistula
1136 2416 1294 2471 scripta
1325 2429 1420 2459 esse
1453 2416 1679 2457 videretur.

353 2544 419 2586 Ad
452 2548 705 2596 extremum,
739 2557 847 2597 quae
879 2544 938 2585 de
971 2543 1061 2586 hac
1094 2544 1207 2598 ipsa
1239 2543 1464 2586 editione
1497 2542 1678 2584 dicenda
1710 2548 1820 2595 sunt,

294 2608 441 2663 paucis
473 2621 696 2662 exponam.
729 2615 856 2661 atque
889 2607 1074 2649 omnium
1098 2608 1276 2662 primum
1300 2607 1342 2648 id
1365 2612 1454 2649 erat
1479 2605 1820 2648 contendendum

295 2678 335 2713 et
375 2670 665 2721 laborandum,
708 2680 754 2712 ut
792 2685 841 2713 ea
878 2671 1078 2713 librorum
1117 2684 1214 2714 mss.
1240 2670 1359 2725 copia
1391 2670 1670 2725 colligeretur,
1713 2683 1820 2723 quae

297 2734 576 2777 emendandis
608 2739 667 2776 tot
699 2735 892 2789 epistulis
925 2734 1139 2776 videretur
1171 2734 1422 2777 necessaria.
1457 2747 1634 2787 quorum
1658 2740 1820 2775 tantum

294 2798 441 2840 aberat
484 2804 528 2840 ut
568 2798 712 2853 inopia
753 2811 1038 2852 urgueremur,
1084 2805 1126 2839 ut
1167 2798 1498 2853 opprimeremur
1536 2791 1817 2838 multitudine.
