2078 3054
906 173 1047 208 Index
1076 173 1120 208 V.

288 293 364 336 170,
410 294 440 327 7.
485 294 516 327 4.
563 292 747 329 ecclesiae
792 290 995 327 consensio

288 351 493 395 roboravit,
525 354 568 386 ut
596 355 682 386 octo
713 350 795 386 dies
827 349 996 395 neophy-

288 413 411 443 torum
452 408 741 454 distinguantur
784 419 806 443 a
848 407 997 452 ceteris,

290 466 327 501 id
348 471 407 501 est
428 470 469 501 ut
490 470 652 501 octavus
675 466 798 510 primo
818 459 1016 516 concinatj

290 524 323 558 ΙΙ
346 524 424 567 207,
443 524 476 558 8.
498 523 615 568 aliqui
637 523 698 559 vel
719 523 820 558 diem
842 523 996 559 tertium

287 586 511 616 octavarum
543 581 603 616 vel
635 581 750 616 etiam
782 581 906 625 ipsum
936 582 1017 636 00·,‘

287 645 432 684 tavum,
468 643 510 674 ut
546 639 664 682 pedes
701 639 890 683 lavarent,
923 638 1017 694 ele-l

287 701 425 741 gerunt
455 696 489 730 ΙΙ
521 696 599 740 208,
630 697 662 731 4.
694 696 851 741 gravius
882 696 996 731 corri-

290 755 402 798 pitur,
432 754 495 799 qui
525 763 592 798 per
621 758 780 789 octavas
807 764 895 789 suas
924 758 1016 795 ter-¹

288 822 368 847 ram
401 811 503 847 nudo
537 811 634 856 pede
667 811 849 857 tetigerit,
883 822 996 857 quam

287 870 351 915 qui
396 873 561 905 mentem
604 869 819 905 vinolentia
863 869 997 913 sepeli-

288 927 387 963 verit
415 927 451 961 ΙΙ
481 927 558 971 209,
588 927 643 962 20.
672 937 707 962 v.
737 926 902 962 alleluia.
931 928 1016 961 an-¹

288 996 369 1020 nus.
403 984 654 1020 circumcisio.
690 984 871 1019 ieiunare.
906 985 997 1020 ieiu-

286 1043 400 1078 nium.
422 1042 646 1077 Manichaei.
668 1041 995 1077 Priscillianistae.

240 1099 473 1144 digitus:
537 1101 574 1135 in
637 1100 743 1135 libris
804 1099 996 1144 evangelii

287 1159 528 1201 apertissime
572 1157 790 1193 declaratur
830 1157 995 1202 digitum

287 1215 349 1250 dci
376 1216 592 1261 significare
618 1215 794 1260 spiritum
822 1219 994 1250 sanctum

289 1273 323 1307 II
352 1274 430 1318 202,
458 1274 515 1317 203
545 1274 592 1314 cf.
620 1274 698 1315 203,
730 1273 781 1308 15.

243 1329 632 1366 Diocletianus
663 1330 763 1364 VIH.
798 1330 930 1366 consul
962 1329 996 1364 Il

290 1389 365 1433 155,
394 1390 423 1423 1.

243 1445 559 1490 Dionysius.

290 1514 360 1538 nus
387 1503 421 1537 ΙΙ
451 1504 526 1548 153,
555 1505 607 1539 19.

243 1560 559 1605 Dioscorus,
589 1562 738 1597 iuvenis
765 1561 934 1597 Graccus
962 1561 997 1596 II

287 1620 366 1664 674,
409 1620 460 1658 18.
502 1620 581 1665 675,
624 1618 654 1664 7,
698 1620 996 1664 flagrantissimo

289 1678 415 1712 studio
444 1677 582 1712 litteris
613 1678 767 1712 deditus
796 1678 830 1711 Il
860 1678 938 1721 666,
964 1678 995 1711 4.

291 1735 342 1768 19.
373 1735 450 1779 669,
484 1735 535 1770 18.
566 1735 644 1779 673,
676 1735 707 1779 8,
737 1735 786 1769 ad
817 1745 912 1779 quas
943 1734 996 1769 di-

288 1793 450 1827 scendas
495 1803 517 1827 a
559 1792 682 1827 Roma
725 1792 995 1837 Carthaginem

290 1854 447 1885 venerat
475 1839 614 1894 11'673,
641 1850 669 1884 1.
697 1850 748 1884 17.
772 1850 850 1894 674,
877 1851 907 1884 7.
933 1849 996 1885 ubi

289 1908 470 1952 Alypium
498 1912 536 1943 et
560 1908 614 1951 Α.,
641 1913 844 1953 postquam
869 1912 995 1944 autem

289 1965 350 2000 ille
397 1965 435 2000 in
483 1964 760 2000 Mauretaniam
808 1965 996 2008 discessit,

613 1446 818 1490 episcopus
860 1446 996 1480 Roma-

289 2022 409 2058 solum
456 2023 499 2057 Α.
545 2023 709 2067 rogavit,
755 2027 796 2058 ut
841 2032 1016 2066 respon-2

289 2081 397 2116 (leret
447 2081 497 2115 ad
548 2081 733 2126 quasdam
786 2081 996 2125 interroga-

288 2138 412 2173 tiones
470 2148 516 2173 ex
576 2138 771 2173 Ciceronis
831 2138 995 2183 dialogis

289 2200 393 2230 ortas
434 2195 467 2229 II
507 2196 585 2239 664,
627 2197 656 2230 1.
697 2198 758 2232 cui
796 2195 995 2240 respondit

289 2253 331 2288 A.
365 2262 422 2296 cp.
459 2254 533 2288 118.
567 2254 823 2289 Christianam
857 2254 995 2301 doctri3

290 2321 375 2345 nam
412 2311 587 2346 omnibus
623 2311 848 2355 praeposuit
884 2316 923 2346 et
958 2311 995 2345 in

289 2379 333 2402 ca
357 2368 438 2403 sola
460 2378 545 2404 esse
568 2369 747 2404 credebat
770 2378 881 2413 spem
898 2368 996 2403 salu-

289 2426 339 2460 tis
366 2430 546 2461 aeternae
576 2425 610 2460 II
639 2426 718 2471 676,
750 2426 779 2461 1.

246 2481 543 2518 Dioscorus
606 2483 796 2518 archiater
861 2484 997 2528 quibus

290 2540 482 2575 miraculis
515 2541 756 2576 Christianus
792 2541 915 2576 fidelis
948 2541 996 2575 sit

290 2597 414 2633 factus
440 2598 491 2632 IV
517 2598 596 2642 482,
620 2599 652 2633 4.

243 2653 641 2698 Diospolitana
678 2656 849 2700 synodus
888 2656 997 2691 mise-

289 2712 419 2747 rabilis
452 2712 504 2746 IV
537 2714 614 2756 300,
649 2713 705 2756 183
743 2723 773 2748 υ.
806 2712 995 2759 Pelagius

242 2768 616 2813 dispensatio:
651 2770 811 2806 Latinae
843 2771 995 2815 linguae

291 2826 420 2871 inopia
452 2827 489 2862 in
523 2827 600 2862 suis
631 2827 851 2874 regionibus
882 2839 996 2864 evan-

316 2891 412 2917 LVIII.
437 2894 620 2926 Augustinus.
644 2894 903 2926 (Goldbacher.)

1710 166 1790 207 193

1080 284 1242 329 gelicam
1272 287 1600 333 dispensationem
1629 294 1788 331 multum

1082 341 1256 380 laborare
1283 346 1379 382 dicit
1402 349 1446 384 A.
1474 349 1508 383 ΙΙ
1534 351 1613 396 393,
1640 353 1671 388 9.

1014 404 1451 451 ,‘dispensative‘
1478 414 1569 458 quid
1597 415 1668 451 sibi
1696 417 1789 453 velit

1083 463 1118 498 II
1142 465 1220 510 373,
1248 468 1300 502 10.

1015 524 1415 579 {dispensaton
1476 534 1650 571 Christus
1707 538 1789 582 ipse

1082 585 1212 621 fideles
1245 598 1334 624 suos
1365 600 1518 627 securos
1552 593 1642 629 fecit
1674 597 1787 631 etiam

1082 643 1129 678 de
1169 645 1501 689 dispensatoribus
1542 652 1651 687 malis
1690 654 1790 689 mala

1082 711 1151 736 sua
1198 702 1427 741 facientibus
1476 712 1514 743 et
1562 710 1662 745 bona
1708 712 1789 747 eius

1082 759 1325 804 loquentibus
1360 763 1393 797 ΙΙ
1424 765 1502 810 343,
1533 767 1565 801 6.

1015 820 1332 861 *divinitasz
1377 838 1423 862 ex
1468 830 1670 874 evangelio
1715 842 1788 866 non

1082 882 1440 925 comprehendimus
1484 888 1605 929 patris
1644 893 1682 923 et
1724 889 1789 924 filii

1081 937 1337 986 divinitatem,
1411 944 1477 978 sed
1542 945 1790 981 admonemur

1081 1006 1158 1032 non
1191 1003 1369 1042 oportere
1402 1011 1472 1036 nos
1506 1002 1552 1037 <le
1588 1005 1791 1039 temeraria

1082 1056 1422 1099 comprehensione
1454 1059 1596 1096 iactare
1630 1061 1680 1096 IV
1713 1063 1791 1107 565,

1083 1113 1135 1147 11.
1160 1114 1301 1160 opinio,
1326 1126 1401 1161 qua
1423 1122 1580 1161 putatur
1604 1119 1790 1156 divinitas

1081 1170 1265 1207 trinitatis
1312 1174 1388 1208 alia
1433 1185 1528 1220 esse,
1574 1188 1686 1221 quam
1733 1185 1787 1213 est

1082 1228 1166 1272 ipsa
1210 1231 1374 1276 trinitas,
1422 1233 1503 1268 sine
1550 1234 1790 1270 dubitatione

1083 1288 1301 1330 respuenda
1323 1294 1381 1324 est
1405 1289 1439 1324 ΙΙ
1464 1291 1539 1336 718,
1564 1292 1712 1339 2-719,
1737 1294 1790 1328 15.

1035 1348 1246 1386 doctor:
1307 1353 1506 1395 apostolus
1553 1365 1637 1390 cum
1684 1366 1790 1399 prae-

1082 1407 1245 1444 dixisset
1316 1411 1525 1456 ·'pastores‘,
1595 1414 1791 1449 subiunxit

1082 1465 1293 1512 ‘doctoresg
1335 1473 1376 1503 ut
1417 1469 1686 1515 intellegerent
1727 1482 1791 1515 pa-

1082 1528 1204 1560 stores
1241 1526 1290 1561 ad
1327 1526 1494 1562 officium
1533 1539 1641 1563 suum
1677 1531 1790 1573 perti-

1082 1592 1170 1618 nere
1198 1583 1412 1620 doctrinam
1440 1585 1493 1619 111
1518 1587 1596 1630 358,
1623 1587 1676 1622 21.
1703 1588 1790 1622 doc-

1082 1641 1176 1675 toris
1202 1641 1385 1677 solacium
1414 1643 1464 1678 IV
1489 1644 1567 1688 649,
1595 1645 1625 1679 7.

1035 1701 1255 1739 Dodona
1282 1705 1472 1741 Molossos
1504 1707 1640 1742 finibus
1671 1709 1791 1743 absci-

1082 1761 1139 1796 dit
1169 1762 1297 1797 Talari
1328 1763 1342 1797 I
1375 1765 1429 1808 94,
1462 1765 1482 1798 2
1513 1766 1680 1804 (Licenlz'
1711 1776 1789 1800 car-

1082 1820 1197 1863 men).

1036 1881 1102 1915 Do
1118 1883 1218 1917 min
1234 1888 1283 1918 at
1301 1884 1386 1918 ion
1402 1895 1421 1919 e
1438 1895 1471 1929 s,
1566 1887 1789 1931 angelorum

1082 1940 1219 1976 chorus
1255 1941 1288 1976 II
1321 1943 1399 1987 504,
1433 1944 1463 1977 8.
1498 1943 1610 1979 deum
1647 1945 1790 1988 videre,

1082 1998 1194 2034 sicuti
1240 2004 1308 2043 est,
1355 2011 1430 2035 non
1477 2006 1650 2045 possunt,
1697 2002 1789 2036 dicit

1014 695 1017 715 Ι

1014 2065 1016 2094 i
1083 2055 1338 2102 Hieronymus
1365 2057 1418 2092 III
1444 2059 1523 2103 337,
1552 2059 1603 2094 11.
1630 2060 1707 2104 339,
1737 2061 1789 2094 14.

1014 2098 1016 2111 Ι

1014 2114 1016 2155 ζ
1035 2118 1094 2153 do
1110 2130 1144 2153 m
1161 2120 1171 2154 i
1187 2131 1210 2154 n
1225 2130 1249 2154 u
1264 2131 1280 2155 s
1312 2131 1387 2156 non
1420 2122 1584 2157 absurde
1617 2126 1788 2159 vocatur.

1014 2190 1016 2214 τ
1081 2180 1141 2213 cui
1191 2187 1259 2221 per
1308 2179 1507 2214 caritatem
1557 2180 1723 2214 servitur
1776 2179 1788 2213 I

1014 2236 1016 2256 ¹
1081 2235 1136 2279 63,
1164 2236 1217 2270 11.

1014 2266 1016 2281 Ι

1014 2291 1016 2319 ³
1036 2296 1067 2330 Ι)
1082 2309 1103 2331 0
1119 2309 1152 2333 m
1170 2299 1255 2333 nio
1272 2310 1293 2333 n
1310 2310 1328 2334 e
1345 2311 1378 2334 m
1432 2304 1628 2344 parentem
1681 2310 1789 2334 suum

1015 2358 1016 2379 l
1081 2367 1170 2392 vere
1201 2358 1482 2392 sanctissimum
1513 2358 1697 2392 Paulinus
1725 2367 1789 2401 ap-

1014 2402 1017 2466 }
1082 2414 1210 2459 pellat,
1232 2415 1333 2459 apud
1356 2426 1467 2460 quem
1487 2415 1631 2450 Romae
1650 2415 1789 2450 Eusebi

1015 2473 1016 2516 l
1081 2472 1127 2506 de
1173 2473 1347 2507 mnnibus
1393 2473 1629 2516 temporibus
1675 2473 1789 2507 histo-

1015 2527 1017 2553 ¹
1083 2530 1175 2565 riam
1206 2530 1421 2574 repperisse
1450 2541 1489 2566 se
1519 2531 1649 2566 scribit
1678 2535 1712 2566 et
1740 2530 1787 2565 ad

1014 2567 1017 2635 l
1082 2587 1262 2631 Alypium
1308 2588 1456 2623 misisse
1501 2587 1517 2622 1
1562 2589 1615 2632 75,
1660 2589 1690 2623 7.
1737 2589 1789 2622 19.

1015 2652 1016 2675 1
1082 2635 1135 2689 77,
1162 2645 1216 2680 22.

1014 2681 1380 2749 lDonatianus
1406 2713 1674 2758 episcopusin
1702 2723 1789 2748 con-

1015 2757 1017 2767 *
1082 2771 1168 2805 cilio
1217 2771 1512 2817 Carthaginensi
1561 2770 1685 2806 adfuit
1736 2770 1787 2804 111

1081 2828 1159 2872 652,
1181 2829 1212 2863 7.
1235 2828 1467 2864 venerabilis
1488 2838 1605 2864 senex
1628 2831 1788 2863 vocatur

1520 2898 1560 2930 13
