2078 3054
902 137 1044 174 Index
1072 137 1115 172 V.

1700 122 1785 166 315

278 253 358 293 bat:
394 253 537 288 vidisse
573 263 613 288 se
649 263 734 288 eum
770 251 991 296 Carthagini
1027 262 1043 287 s
1059 262 1114 287 co
1130 252 1250 296 rpiu
1266 262 1283 288 5
1307 263 1354 288 ex
1380 263 1426 288 ea
1452 256 1560 297 parte
1586 252 1784 288 cavendus

278 317 315 347 et
354 311 561 347 fraternam
599 310 681 345 eius
718 310 756 344 in
793 308 988 345 Aurelium

277 368 554 413 benignitatem
611 367 854 413 studiumque
908 376 990 411 per-

280 426 468 469 spexisse3
496 426 595 461 idem
624 425 740 471 igitur
768 425 860 469 fore,
886 435 931 459 ac
958 426 990 460 si

278 493 363 519 cum
394 483 479 527 ipso
509 483 664 518 Aurelio
695 482 990 528 conloqueretur

279 540 295 575 Ι
325 541 380 582 61,
410 541 466 576 22.

234 598 567 634 Saturninus
594 599 795 643 presbyter
820 609 843 633 a
865 597 989 632 Dona-

279 656 455 691 tistarum
490 661 598 701 parte
630 656 678 691 ad
710 656 898 691 unitatem
931 665 990 690 ca-

280 714 460 749 tholicam
500 724 710 749 conversus
750 713 802 747 111
842 713 920 757 247,
958 713 989 748 3.

281 772 359 815 249,
413 772 444 807 9.
538 772 582 806 A.
634 771 668 806 ei
723 771 989 815 gratulabatur

280 839 338 872 ep.
369 829 444 864 142.

235 886 258 921 S
273 897 295 920 a
310 891 323 921 t
339 897 362 920 u
378 897 394 920 r
410 887 498 921 nin
513 897 536 921 u
552 897 568 921 5
613 887 813 931 presbyter
858 884 990 929 Optati

281 944 430 980 litteras
454 945 497 979 A.
522 945 690 980 reddidit
715 944 767 978 IV
789 944 868 987 302,
891 945 922 979 5.

234 1001 568 1037 Saturninus
610 1003 811 1047 presbyter
855 1001 990 1046 adfuit,

281 1070 364 1095 cum
411 1060 453 1095 A.
503 1070 762 1095 successorem
811 1060 882 1095 sibi
929 1059 991 1095 de-

282 1118 459 1162 signabat
492 1117 544 1152 IV
573 1118 650 1161 373,
684 1118 715 1152 2.

234 1175 256 1209 S
272 1186 294 1210 a
310 1181 324 1210 t
338 1186 360 1209 u
376 1186 393 1210 r
409 1186 430 1210 n
448 1175 496 1210 in
512 1187 535 1210 u
551 1186 584 1219 5,
613 1179 817 1212 excurator
845 1175 991 1219 Aptun-

281 1234 435 1277 {titanae
466 1234 636 1268 civitatis
666 1233 700 1267 II
729 1233 808 1277 410,
839 1233 891 1268 11.

235 1290 521 1326 Saturnum
561 1290 665 1325 Iovis
703 1301 808 1326 arma
846 1291 991 1336 fugisse

282 1349 410 1393 regnis
441 1349 590 1384 exulem
621 1349 812 1393 ademptis
843 1349 1011 1400 legem-3

282 1412 341 1440 tur
376 1406 412 1441 in
448 1407 612 1451 mystica
647 1407 807 1441 historia
838 1410 1011 1457 vetusta,

282 1464 512 1500 auctoritate
544 1465 724 1499 roborata
754 1464 769 1498 1
799 1464 855 1509 43,
889 1465 918 1499 1.

237 1521 360 1557 Saul
403 1532 478 1556 non
521 1522 806 1566 depravaverat
847 1522 991 1557 unctio-

284 1590 379 1614 nem.
416 1590 528 1623 quam
563 1583 776 1623 acceperat.
812 1579 872 1614 cui
908 1590 995 1614 unc-

282 1637 377 1671 tioni
415 1641 562 1671 tantum
600 1637 780 1672 honorem
819 1648 884 1672 rex
920 1636 993 1671 Da-

283 1694 348 1729 vid
377 1694 550 1730 exhibuit
568 1695 612 1728 ἸΙ
642 1695 720 1730 405.
751 1695 806 1730 12;
839 1696 884 1736 cs.
917 1695 992 1733 105,

283 1753 314 1786 4.
343 1752 530 1787 tolerabat
561 1751 687 1787 David
718 1752 881 1789 Saulem.
911 1762 993 1796 per-

284 1816 495 1845 secutorem
531 1820 652 1847 suum.
687 1810 883 1844 sceleratis
918 1820 994 1844 mo-

284 1868 386 1902 ribus
420 1868 604 1902 caelestia
635 1868 886 1911 deserentem.
919 1878 1014 1902 mam

285 1925 379 1968 git-is
427 1925 572 1959 artibus
622 1926 767 1959 inferna
816 1935 1014 1969 quaerent¹

285 1987 370 2019 tem.
414 1983 581 2017 occisum
623 1983 857 2018 vindicabat.
899 1982 1014 2017 chri-¹

286 2046 384 2074 stum
428 2041 541 2075 etiam
586 2040 730 2075 domini
774 2040 1014 2083 appellabat*

288 2097 319 2131 ΙΙ
353 2098 428 2137 105,
459 2098 489 2132 2.

240 2154 434 2189 Saulus
473 2165 502 2190 ι’.
536 2155 690 2190 Paulus.

240 2222 255 2245 s
272 2221 290 2245 c
306 2212 386 2246 his
402 2224 435 2247 m
452 2218 500 2247 at
519 2213 560 2247 is
593 2213 732 2248 malum
765 2224 878 2258 quam
912 2223 1015 2258 gra-¹

287 2270 385 2304 viter
439 2271 670 2314 penderetur
724 2276 758 2306 et
815 2271 1015 2305 atrocit2r1

288 2327 487 2370 puniretur
513 2328 651 2372 prioris
679 2328 811 2372 populi
838 2325 1016 2364 Iudaeo-³

288 2395 368 2419 rum
409 2386 645 2428 temporibus
683 2385 718 2419 II
760 2386 836 2425 145,
873 2387 908 2423 4:
949 2375 1017 2441 css}

290 2442 366 2479 106.
395 2442 447 2477 21.
478 2443 556 2486 400,
585 2443 615 2477 8.
646 2444 693 2478 ab
722 2453 849 2478 errore
881 2443 1016 2478 schis-¹

289 2499 402 2534 matis
432 2510 563 2535 ornnes
594 2500 766 2535 homines
798 2501 840 2536 A.
871 2501 1017 2551 cupid,

289 2556 355 2591 bat
385 2558 513 2592 sanari
544 2557 579 2591 II
612 2558 665 2601 18,
696 2558 748 2594 16.

244 2613 593 2650 schismatici
632 2615 744 2659 primi
784 2620 894 2651 erant
934 2616 998 2659 illi,

1074 312 1142 353 est,
1172 320 1285 354 quam
1313 314 1541 345 venenatam
1572 314 1609 344 et
1637 310 1787 345 aculea-

1074 371 1151 402 tam
1178 371 1385 403 retrorsum
1409 367 1523 403 habet
1548 367 1602 401 Ill
1626 368 1681 411 59,
1707 369 1738 402 4.

1027 425 1431 469 scripturarum
1457 430 1675 460 sanctarum
1701 425 1784 460 laus

1076 482 1129 516 III
1164 483 1222 526 79,
1264 483 1317 517 12.
1359 483 1436 527 122,
1478 483 1530 517 10.
1568 483 1615 518 de
1654 493 1783 518 earum

1074 540 1338 583 profunditate
1392 541 1447 585 99,
1504 541 1556 575 14.
1612 544 1783 574 sanctam

1075 598 1304 642 scripturam
1330 598 1368 633 in
1394 609 1540 633 summo
1564 602 1603 633 et
1628 597 1785 633 caelesti

1074 655 1316 690 auctoritatis
1352 655 1513 690 culmine
1549 655 1788 690 conlocatam

1075 718 1282 748 veneratur
1312 713 1354 747 A.
1383 712 1418 747 II
1443 714 1523 757 356,
1552 714 1581 748 1.
1607 723 1705 758 quae
1732 712 1786 747 di-

1075 770 1188 806 vinae
1212 771 1425 814 scripturae
1449 776 1538 806 ante
1561 770 1786 814 longissima

1076 832 1251 872 tempora
1304 828 1432 863 futura
1484 839 1568 863 esse
1621 832 1786 863 testatae

1077 890 1176 930 sunt,
1228 886 1321 921 haec
1360 887 1488 921 omnia
1528 890 1637 921 tanto
1677 888 1786 921 robu-

1077 944 1192 979 stiore
1219 943 1291 980 fide
1314 943 1501 979 laetamur
1526 944 1618 987 fieri,
1642 948 1786 989 quanto

1076 1001 1218 1036 maiore
1287 1002 1517 1037 auctoritate
1587 1001 1787 1045 praedicta

1075 1069 1161 1104 *esse
1184 1059 1398 1094 invenimus
1421 1059 1472 1093 IV
1493 1060 1572 1103 514,
1593 1060 1625 1094 4.
1648 1060 1679 1094 si
1700 1060 1789 1104 quid

1076 1116 1232 1152 divinae
1290 1117 1502 1160 scripturae
1559 1117 1787 1161 praescribit

1075 1174 1297 1219 auctoritas,
1331 1185 1407 1210 non
1439 1179 1497 1210 est
1528 1174 1790 1211 dubitandum.

1079 1232 1171 1277 quin
1214 1232 1266 1268 ita
1310 1232 1436 1268 facere
1480 1232 1699 1275 debeamus,
1745 1238 1786 1266 ut

1075 1290 1249 1335 legimus,
1294 1294 1338 1327 et
1377 1290 1551 1325 similiter
1595 1289 1710 1325 etiam
1757 1289 1788 1324 si

1076 1348 1168 1393 quid
1199 1352 1281 1383 tota
1310 1358 1378 1392 per
1409 1349 1537 1383 orbem
1569 1347 1788 1392 frequentat

1077 1405 1240 1447 ecclesia
1298 1405 1332 1439 II
1381 1406 1457 1449 165,
1505 1406 1536 1441 8.
1596 1405 1687 1440 solis
1733 1405 1788 1441 eis

1079 1463 1353 1507 scripturarum
1409 1463 1527 1507 libris,
1593 1463 1656 1508 qui
1713 1463 1786 1497 iam

1077 1521 1251 1556 canonici
1286 1521 1543 1565 appellantur,
1576 1521 1710 1556 didicit
1747 1521 1788 1555 A.

1077 1579 1177 1614 hunc
1217 1578 1392 1614 timorem
1431 1579 1690 1624 honoremque
1727 1579 1789 1614 de-

1078 1637 1188 1679 ferre,
1227 1641 1268 1671 ut
1306 1636 1450 1671 nullum
1491 1647 1620 1671 eorum
1660 1640 1789 1671 aucto-

1077 1705 1155 1729 rem
1202 1694 1403 1730 scribendo
1449 1705 1598 1730 errasse
1644 1694 1788 1739 aliquid

1080 1752 1293 1787 firmissime
1348 1752 1481 1787 credat
1534 1752 1568 1786 II
1621 1753 1700 1794 354,
1753 1752 1789 1791 5;

1079 1811 1124 1850 cf.
1158 1810 1237 1848 374.
1271 1811 1301 1844 6.
1334 1811 1413 1853 376,
1449 1810 1501 1844 16.
1536 1810 1589 1843 ΙΙΙ
1623 1810 1700 1853 278,
1738 1810 1789 1843 14.

1078 1868 1156 1905 344,
1191 1868 1245 1902 23.
1282 1868 1330 1904 de
1369 1868 1644 1911 scripturarum
1683 1878 1790 1902 sanc-

1078 1930 1202 1960 tarum
1230 1930 1265 1960 et
1299 1926 1527 1969 scriptorum
1559 1925 1791 1961 ecclesiasti-

1080 1993 1208 2018 corum
1263 1983 1417 2018 diversa
1471 1983 1701 2018 auctoritate
1756 1982 1789 2016 Il

1079 2041 1157 2083 354,
1193 2042 1223 2075 4.
1259 2042 1338 2076 374.
1373 2041 1404 2075 6.
1439 2041 1516 2077 376,
1557 2041 1608 2075 16.
1644 2041 1723 2078 481,
1763 2040 1789 2074 1.

1080 2098 1135 2132 ΙΙΙ
1166 2098 1244 2142 277,
1274 2098 1328 2133 21.
1356 2099 1435 2143 344,
1464 2098 1519 2133 21.
1550 2098 1600 2132 IV
1630 2099 1705 2141 173,
1735 2098 1789 2132 26.

1080 2156 1294 2199 scripturae
1325 2166 1406 2191 mos
1437 2160 1494 2191 est
1527 2156 1581 2190 ita
1609 2156 1712 2200 loqui
1743 2156 1790 2190 de

1081 2219 1189 2257 part-e
1220 2218 1413 2258 tamquam
1444 2214 1490 2249 de
1521 2218 1601 2248 toto
1631 2213 1683 2247 ΙΙΙ
1711 2214 1790 2253 366,

1079 2272 1111 2305 4.
1162 2271 1260 2306 sicut
1308 2276 1439 2315 patres
1488 2271 1627 2306 habent
1676 2271 1788 2306 etiam

1081 2328 1293 2372 scripturae
1339 2329 1548 2363 canonicae
1593 2329 1692 2363 hunc
1735 2339 1792 2362 ar-

1081 2386 1223 2430 guendi
1249 2397 1403 2430 morem,
1431 2392 1469 2421 ut
1496 2392 1689 2431 tamquam
1715 2396 1792 2420 om-

1082 2444 1192 2479 nibus
1237 2444 1387 2479 dicatur
1431 2450 1467 2479 et
1511 2444 1559 2479 ad
1605 2443 1791 2488 quosdam

1081 2502 1238 2536 verbum
1284 2501 1487 2544 perveniat
1532 2501 1567 2535 II
1612 2502 1691 2544 477,
1737 2501 1791 2535 21.

1015 2554 1017 2591 i
1081 2558 1202 2594 multa
1256 2558 1437 2594 dicuntur
1494 2559 1532 2593 in
1591 2558 1791 2602 scripturis

291 2681 385 2715 quos
421 2671 532 2706 vivos
568 2675 706 2707 terram
741 2673 913 2707 obruisse
949 2673 1017 2707 ait'

292 2728 483 2772 scriptura
524 2729 558 2763 II
603 2729 679 2773 157,
720 2730 750 2764 7.
794 2740 828 2765 v.
869 2713 1018 2765 catho-¹

290 2784 397 2820 licus.
432 2786 659 2822 haereticus,
1016 2793 1019 2838 l

1082 2620 1276 2661 tamquam
1306 2616 1410 2651 facta
1436 2616 1523 2659 sint,
1553 2626 1637 2651 curn
1667 2616 1791 2651 adhuc

1083 2674 1121 2708 in
1168 2683 1236 2717 spe
1284 2684 1367 2709 esse
1417 2673 1691 2718 intellegantur
1740 2673 1791 2706 IV

1085 2732 1161 2774 104,
1202 2731 1253 2766 16.
1293 2731 1330 2766 in
1368 2730 1570 2774 scripturis
1607 2729 1792 2765 nonnulla

1083 2788 1275 2834 dicuntur,
1303 2792 1356 2833 ut,
1385 2798 1470 2824 cum
1499 2788 1571 2823 sibi
1599 2797 1675 2823 non
1704 2797 1788 2823 con-
