2078 3054
275 152 357 194 228

321 282 482 327 originis
518 282 587 317 sub
623 281 842 317 Christiano
881 281 1034 316 nomine

321 340 432 385 quasi
470 340 687 375 arescentia
723 344 919 374 sarmenta
956 339 1035 384 glo-

321 398 478 441 riantur,
511 408 605 442 quas
639 398 816 432 haereses
850 400 889 432 et
920 396 1037 432 schis-

320 461 424 490 mata
452 456 694 490 nominamus
722 455 774 490 IV
800 456 879 500 513,
909 455 962 490 15.

273 513 614 549 haereticus:
649 524 717 558 per
752 513 1033 549 dissensionem

320 572 554 607 schismatici
600 571 662 607 vel
709 571 894 607 haeretici
940 570 1033 605 faeti

320 634 419 674 sunt,
468 630 533 675 qui
582 630 768 665 ecclesiae
819 629 1032 664 catholicae

318 688 505 724 unitatem
544 692 583 724 et
620 688 826 724 veritatem
863 697 941 723 non
978 691 1033 723 te-

318 751 410 782 nent
441 746 477 781 ΙΙ
507 746 586 791 223,
615 748 647 781 4.
678 757 755 781 non
788 749 1032 781 sacramenta

317 804 538 841 Christiana
591 804 741 840 faciunt
795 804 1031 840 haereticum

317 863 385 899 sed
419 873 542 907 prava
571 863 762 898 dissensio
795 862 831 897 II
863 862 943 907 488,
977 862 1030 896 12.

315 921 472 967 quinam
519 932 761 967 nequaquam
809 920 885 956 sint
931 920 1031 955 inter

316 979 531 1015 haereticos
572 979 788 1024 deputandi
827 978 861 1013 II
903 979 957 1023 85,
998 979 1029 1014 8.

314 1048 447 1074 omnes
486 1038 680 1082 haeretici,
716 1037 782 1083 qui
817 1037 1030 1081 scripturas

316 1096 353 1131 in
397 1096 629 1132 auctoritate
675 1096 878 1140 recipiunt,
923 1095 1029 1139 ipsas

315 1154 386 1190 sibi
417 1154 600 1198 videntur
634 1154 785 1199 sectari,
819 1164 905 1189 cum
939 1163 1028 1188 suos

315 1213 444 1257 potius
474 1217 669 1248 sectentur
698 1222 858 1258 errores,
887 1223 932 1247 ac
960 1221 1028 1256 per

314 1271 395 1316 hoc,
427 1281 505 1306 non
535 1271 637 1316 quod
667 1281 733 1306 eas
766 1274 1027 1313 contemnant,

314 1330 381 1364 sed
421 1330 525 1374 quod
565 1340 631 1365 eas
670 1340 748 1364 non
787 1329 1027 1375 intellegant,

314 1387 499 1423 haeretici
533 1393 622 1423 sunt
658 1387 692 1421 II
728 1388 806 1432 716,
841 1388 871 1422 7.
910 1387 1027 1431 scrip-

313 1446 409 1481 turis
459 1445 694 1491 apocryphis
744 1449 783 1481 et
829 1444 1027 1480 canonicis

312 1514 387 1549 quo
419 1504 534 1539 modo
567 1508 724 1539 utantur
757 1503 942 1539 haeretici
974 1503 1025 1537 IV

313 1563 392 1608 526,
420 1562 591 1607 16-527,
615 1563 670 1597 24.
694 1562 773 1607 528,
796 1562 947 1606 4-532,
972 1562 1026 1596 10.

313 1620 496 1656 haeretici
559 1620 756 1656 doctrinas
807 1620 1027 1656 daemonio—

314 1690 395 1714 rum
437 1684 475 1714 et
515 1684 727 1724 sequuntur
767 1683 806 1714 et
845 1682 1028 1722 promunt

314 1737 347 1771 ll
380 1737 457 1782 733,
487 1737 509 1772 8
539 1737 695 1781 (Paul.).
727 1737 886 1781 spiritus
919 1746 1028 1771 sanc-

263 1814 270 1821 ·
312 1800 375 1831 tus
427 1796 645 1831 contrarius
696 1801 755 1830 est
809 1795 1027 1830 hominibus

313 1865 382 1889 sua
431 1854 705 1899 quaerentibus
754 1853 790 1888 II
839 1853 917 1898 203,
969 1853 1026 1896 15,

313 1912 399 1948 ideo
458 1912 685 1947 animositas
746 1911 1026 1947 haereticorum

313 1980 464 2015 semper
513 1970 687 2015 inquieta
734 1974 792 2005 est
839 1970 918 2014 203,
969 1970 1026 2013 193

312 2029 359 2070 (fs.
394 2029 474 2073 205,
513 2029 566 2064 19.
603 2029 683 2073 445,
722 2029 779 2072 133
817 2027 1028 2064 haeretico-

314 2098 395 2122 rum
436 2087 704 2131 inquietudine
743 2091 941 2131 tamquam
979 2086 1027 2121 de

314 2155 447 2179 somno
488 2145 668 2190 ignaviae
710 2149 844 2180 nostra
884 2144 1027 2180 excita-

314 2207 375 2237 tur
404 2203 595 2238 industria
624 2202 677 2237 IV
705 2203 785 2248 213,
812 2202 867 2238 21.
897 2203 1028 2237 haere-

314 2261 477 2296 tieorum
521 2261 828 2306 inquietudinem
871 2270 1026 2296 muscae

314 2319 400 2355 illae
466 2319 718 2368 brevissimae
785 2319 1027 2365 significave-

313 2382 411 2422 runt,
449 2378 518 2413 sub
552 2378 690 2423 quibus
725 2378 827 2423 magi
861 2377 1048 2416 Pharao-2

315 2435 374 2470 nis
398 2435 624 2471 defecerunt
651 2435 685 2469 ΙΙ
711 2435 789 2479 204,
815 2435 847 2470 9.

361 2493 500 2528 Omnes
544 2493 728 2529 haeretici
771 2493 821 2528 ad
864 2492 1027 2528 salutem

315 2556 512 2596 vocentur,
546 2562 679 2587 omnes
711 2562 735 2586 a
767 2551 938 2595 pernicie
972 2561 1028 2586 re-

314 2608 500 2645 vocentur
551 2609 603 2643 IV
641 2610 673 2654 7,
711 2610 743 2644 9.
795 2609 1025 2655 quicumque

314 2668 527 2702 haereticos

313 2725 419 2760 sione
446 2725 544 2770 legis
571 2725 781 2769 imperialis
808 2735 885 2760 non
911 2724 1027 2760 dilec-

312 2783 417 2818 110ne
449 2782 668 2828 corrigendi
700 2783 767 2818 sed
801 2782 1047 2825 inimicandig

312 2841 401 2875 odio
428 2840 682 2886 persequitur,
708 2840 889 2885 displicet
915 2840 1026 2876 nohis

569 2667 793 2702 Donatistas
834 2677 881 2702 ex
919 2676 1030 2702 oeca-

947 165 1089 202 Index
1118 166 1163 202 V.

1119 281 1286 327 itemque
1331 282 1506 328 quisquis
1547 293 1608 319 res
1654 282 1832 328 proprias

1118 350 1249 375 eorum
1288 340 1427 385 cupide
1466 342 1618 387 appetit
1655 346 1692 377 et
1730 341 1831 387 quis-

1118 398 1203 443 quis
1251 399 1357 443 ipsas
1402 409 1463 434 res
1510 409 1722 444 pauperum
1769 399 1832 434 vel

1118 456 1298 492 basilica-s
1331 467 1407 492 non
1442 467 1510 501 per
1544 458 1730 493 iustitiam
1764 457 1831 492 sed

1118 524 1186 558 per
1219 515 1424 550 avaritiam
1458 520 1564 552 tenet
1597 515 1632 550 II
1662 516 1741 560 493,
1777 516 1830 550 13.

1117 573 1197 619 494,
1224 573 1253 608 1.
1282 584 1358 608 non
1386 573 1630 609 obiciendum
1658 579 1716 609 est
1744 574 1830 609 hae-

1117 630 1259 676 reticis,
1297 632 1371 668 nisi
1407 631 1499 677 quia
1533 642 1609 667 non
1646 637 1735 667 sunt
1771 642 1830 667 ca-

1117 688 1250 724 tholici
1295 689 1331 724 II
1376 690 1455 734 342,
1504 690 1557 725 14.
1615 689 1830 725 haereticos

1116 756 1184 791 per
1219 747 1420 783 ordinatas
1451 759 1476 783 a
1508 748 1580 783 (leo
1615 753 1830 792 potestates

1117 806 1287 841 cohiberi
1312 811 1428 852 atque
1455 806 1597 851 corrigi
1623 816 1699 841 non
1725 807 1830 842 vide-

1117 868 1178 899 tur
1205 863 1340 899 inutile
1366 864 1401 898 ΙΙ
1427 865 1506 909 445,
1535 865 1591 909 13;
1619 875 1730 910 reges
1757 869 1829 899 ter-

1115 932 1181 959 rae
1219 922 1324 968 leges
1363 928 1499 958 contra
1537 923 1753 958 haereticos
1791 928 1829 958 et

1115 980 1382 1016 schismaticos
1411 991 1482 1025 pro
1513 981 1705 1016 catholica
1733 991 1829 1025 pace

1114 1032 1358 1083 constituunt
1384 1038 1440 1073 III
1471 1039 1528 1084 36,
1560 1039 1614 1074 17.
1644 1039 1750 1085 leges
1781 1038 1828 1074 de

1114 1096 1229 1133 idolis
1276 1097 1567 1142 confringendis
1614 1103 1653 1133 et
1699 1098 1829 1133 haere-

1113 1155 1201 1191 ticis
1230 1155 1470 1201 corrigendis
1497 1155 1589 1190 vivo
1618 1155 1829 1191 Stilichone

1113 1213 1153 1249 in
1184 1214 1356 1249 Africam
1388 1214 1529 1250 missae
1561 1218 1648 1249 sunt
1683 1214 1717 1248 11
1748 1214 1827 1258 517,

1115 1272 1167 1307 14.
1203 1272 1445 1309 Theodosius
1475 1272 1605 1320 ,legem
1640 1272 1828 1318 generali-

1112 1334 1170 1366 ter
1197 1331 1236 1366 in
1260 1341 1393 1367 omnes
1418 1331 1634 1367 haereticos
1661 1330 1827 1375 promul—

1112 1389 1233 1434 gavit,
1271 1394 1323 1434 ut,
1364 1389 1538 1435 quisquis
1577 1399 1709 1424 eorum
1749 1388 1827 1433 epi-

1113 1457 1254 1491 scopus
1301 1448 1363 1483 vel
1412 1447 1574 1484 clericus
1622 1447 1685 1483 ubi
1735 1447 1827 1482 libet

1111 1510 1214 1540 esset
1274 1505 1466 1547 inventus,
1527 1505 1659 1541 decem
1720 1505 1827 1540 libris

1115 1563 1201 1598 auri
1229 1564 1458 1600 multaretur
1486 1564 1538 1599 IV
1568 1564 1623 1609 24,
1652 1564 1687 1608 8;
1719 1564 1766 1605 cf.
1795 1562 1830 1597 II

1118 1622 1197 1667 413,
1227 1622 1282 1657 18.
1310 1622 1366 1658 25.
1394 1623 1474 1667 414,
1502 1623 1533 1657 2.
1562 1621 1746 1657 haeretiei
1772 1631 1833 1657 res

1118 1689 1208 1715 suas
1246 1679 1344 1715 falso
1382 1680 1594 1725 appellant,
1631 1690 1727 1725 quas
1763 1689 1832 1715 nec

1117 1737 1209 1775 iusti
1268 1738 1470 1782 possident
1527 1743 1564 1773 et
1621 1738 1829 1773 secundum

1117 1795 1222 1841 leges
1269 1807 1401 1842 regum
1446 1799 1682 1831 terrenorum
1728 1795 1836 1830 amit-

1118 1858 1198 1889 tere
1226 1854 1320 1889 iussi
1349 1858 1438 1889 sunt
1462 1853 1498 1888 II
1524 1854 1604 1899 493,
1633 1854 1686 1889 18.

1163 1912 1346 1948 Sanctum
1383 1916 1665 1947 sacramentum
1701 1912 1832 1947 haere-

1116 1970 1182 2005 tici
1212 1970 1306 2006 foris
1337 1971 1385 2005 ab
1414 1970 1579 2006 ecclesia
1608 1970 1750 2006 habent
1780 1969 1826 2004 ad

1116 2028 1325 2071 perniciem
1363 2028 1397 2063 II
1433 2028 1513 2074 223,
1551 2028 1605 2063 12.
1639 2028 1735 2064 deus
1769 2037 1830 2062 oc-

1115 2086 1220 2121 culta
1254 2086 1349 2122 satis
1383 2086 1639 2130 dispositione
1675 2086 1742 2122 sed
1775 2090 1830 2120 ta-

1114 2155 1201 2180 men
1237 2144 1337 2179 iusta
1374 2144 1580 2179 nonnullos
1615 2143 1829 2180 haereticos

1115 2203 1250 2246 poenis
1294 2202 1603 2246 praedestinavit
1646 2201 1828 2238 extremis

1115 2260 1186 2305 IV=
1198 2261 1277 2305 318,
1309 2261 1341 2296 9.
1373 2260 1558 2296 haeretici
1590 2260 1742 2295 facilius
1773 2270 1828 2294 rc-

1113 2321 1246 2355 vocari
1283 2323 1478 2363 poterunt,
1515 2328 1599 2353 cum
1639 2317 1826 2353 haeresim

1114 2387 1137 2411 a
1180 2387 1248 2412 suo
1291 2377 1483 2412 senserint
1524 2380 1681 2411 auctore
1723 2376 1827 2411 dam-

1113 2435 1197 2470 nari
1243 2434 1296 2469 III
1343 2435 1421 2479 730,
1465 2435 1497 2468 4.
1542 2434 1699 2479 quidam
1741 2443 1825 2468 cum

1113 2492 1192 2527 ficti
1237 2496 1478 2537 putarentur,
1524 2492 1706 2537 quoniam
1753 2491 1827 2525 ius-

1114 2550 1233 2586 sionis
1275 2551 1325 2586 ad
1366 2560 1436 2585 nos
1477 2554 1623 2585 terrore
1665 2549 1827 2584 transie-

1112 2614 1212 2653 runt,
1272 2608 1369 2644 tales
1426 2608 1620 2652 posterius
1678 2606 1825 2642 inventi

1113 2671 1213 2711 sunt,
1263 2672 1305 2702 ut
1352 2666 1580 2711 quibusdam
1630 2665 1826 2700 veteribus

1111 2724 1312 2759 catholicis
1350 2723 1638 2767 praeferrentur
1673 2722 1708 2757 II
1745 2722 1825 2765 424,

1114 2783 1166 2817 19.
1193 2782 1240 2834 (le
1270 2781 1474 2817 haereticis
1502 2781 1540 2816 in
1568 2781 1647 2816 suis
1674 2780 1824 2815 honori-

1111 2841 1182 2875 bus
1219 2840 1385 2884 receptis
1424 2839 1476 2873 IV
1512 2839 1567 2883 38,
1606 2840 1637 2874 7.
1675 2840 1731 2883 40,
1767 2838 1823 2873 25.
