2078 3054
269 177 353 219 252
940 190 1080 226 Index
1109 191 1150 225 V.

267 306 396 341 lit-te
412 316 498 342 rae
518 317 524 340 :
549 306 596 341 de
620 305 922 342 Christianarum
946 315 1028 350 pro-

315 364 504 399 funditate
542 364 754 399 litterarum
792 363 845 398 III
880 363 937 407 99,
975 363 1028 397 14.

311 443 359 447 -—
385 421 745 457 communicatorias
772 421 920 457 litteras
947 420 1029 455 mit-

314 484 393 515 tere
420 480 454 514 ΙΙ
479 481 536 524 98,
564 480 618 514 10.
646 480 724 523 101,
751 480 787 524 1;
815 479 861 520 cs.
890 478 945 522 91,
973 478 1028 513 24.

266 537 489 573 litterio
516 547 551 572 v.
577 537 842 582 Anaxagoras.

265 595 370 630 litu
386 606 422 630 s:
448 594 622 630 tribunus
648 594 902 630 custodiendo
928 594 1029 629 litori

313 653 546 689 constitutus
575 653 610 687 II
638 653 717 697 661,
746 652 802 687 24.

264 711 662 756 Longinianus,
700 711 813 746 homo
855 720 1029 756 paganus

312 769 363 803 IV
386 769 466 813 519,
487 769 520 804 9.
542 769 622 812 521,
645 768 700 812 22,
723 768 788 813 qui
812 768 1029 803 sacerdotia

310 827 439 872 aliqua
457 826 591 862 habuit
610 826 663 861 IV
681 826 761 871 520,
781 827 814 861 7.
835 826 1028 861 Christum

312 895 387 920 non
419 885 528 930 parvi
559 883 753 930 pendebat
781 884 833 919 IV
862 884 942 928 518,
974 883 1029 929 12,

312 943 379 978 sed
426 943 472 978 de
519 953 564 978 eo
612 942 704 988 quid
750 942 920 986 sentiret,
966 952 1028 978 ex-

312 1000 472 1046 primere
528 1011 605 1036 non
662 1001 804 1036 audere
861 1011 900 1036 se
957 1010 1028 1035 nec

311 1058 439 1095 valere
469 1059 563 1094 dicit
591 1059 644 1094 IV
670 1059 750 1104 520,
779 1059 835 1094 21.
864 1058 943 1102 521,
972 1058 1027 1093 21.

310 1128 396 1152 cum
426 1117 471 1152 A.
502 1120 634 1152 mutuo
666 1127 795 1152 amore
827 1120 909 1152 erat
940 1126 1029 1152 con-

312 1175 464 1211 iunctus
490 1175 543 1210 IV
568 1176 649 1220 518,
678 1175 732 1210 19.
759 1174 840 1219 521,
869 1175 885 1209 1
917 1177 955 1209 et
980 1174 1027 1209 de

311 1233 554 1279 philosophia
582 1233 780 1278 disputare
811 1233 947 1268 solitus
976 1232 1029 1267 IV

310 1292 389 1336 519,
425 1292 479 1326 10.
513 1302 571 1336 ep.
604 1292 673 1327 233
707 1292 751 1326 A.
786 1302 834 1326 ex
867 1301 912 1326 eo
946 1300 1027 1336 per-

310 1348 551 1393 contabatur,
579 1349 691 1384 deum
720 1359 886 1393 quonam
913 1348 1027 1383 modo

311 1407 513 1442 colendum
536 1407 710 1442 crederet
731 1404 785 1441 IV
806 1407 887 1449 518,
909 1407 941 1442 9.
966 1406 1027 1442 cui

311 1475 397 1500 cum
418 1464 682 1511 Longinianus
704 1475 761 1510 ep.
783 1464 852 1500 234
871 1474 1027 1509 respon-

310 1523 442 1567 disset,
479 1524 523 1558 A.
561 1533 619 1568 ep.
657 1523 725 1558 235
762 1522 1028 1567 quaestionem

308 1581 527 1616 accuratius
574 1580 886 1625 circumscripsit.
931 1580 1029 1615 Lon-

308 1638 487 1684 ginianus
518 1649 659 1684 magna
688 1638 938 1674 observantia
967 1648 1029 1673 co-

309 1696 413 1731 lebat
442 1696 486 1732 A.
517 1696 570 1731 IV
600 1697 680 1740 519,
711 1697 744 1731 4.
777 1696 831 1732 13.
864 1696 918 1731 19.
947 1696 1028 1740 520,

309 1755 366 1790 23.
398 1754 478 1799 521,
512 1754 542 1789 1.
575 1755 621 1790 10
651 1758 689 1790 et
723 1754 931 1790 identidem
963 1764 1028 1798 pa-

310 1816 406 1847 trem
436 1815 554 1848 vocat
581 1812 661 1858 519,
689 1813 722 1848 3.
752 1812 833 1856 520,
862 1812 918 1847 23.
947 1811 1028 1856 521,

311 1870 366 1905 12.

264 1927 453 1972 Lucas,
485 1939 617 1964 sacrae
650 1928 814 1973 scriptor
845 1928 1029 1963 historiae

312 1986 345 2020 II
386 1986 466 2030 298,
508 1986 551 2021 10
589 1986 740 2029 (Hier.).
782 1985 949 2021 Marcum
991 1988 1029 2021 et

310 2043 452 2078 Lucam
511 2044 771 2088 evangelistas
830 2043 1028 2088 apostolos

311 2100 430 2136 fuisse
465 2111 541 2136 non
574 2101 736 2147 legimus
771 2101 824 2135 ΙΙΙ
857 2101 937 2145 358,
974 2102 1028 2136 17.

265 2158 453 2202 Lucas,
497 2168 631 2193 servus
675 2159 748 2203 dei,
791 2159 835 2193 A.
878 2169 936 2204 ep.
979 2158 1028 2193 ad

311 2217 518 2252 Iohannem
547 2216 685 2251 detulit
711 2217 788 2252 cito
817 2217 904 2252 inde
931 2216 1028 2252 redi-

310 2278 419 2310 turus
445 2274 498 2309 III
522 2274 603 2318 691,
631 2275 683 2309 18.

267 2337 292 2371 1.
306 2348 331 2372 u
346 2348 365 2373 c
381 2337 431 2372 ia
443 2348 468 2372 n
482 2348 506 2372 u
521 2348 538 2372 s
566 2337 771 2382 episcopus
799 2338 838 2373 in
864 2337 1028 2373 concilio
1043 2371 1044 2374 ,

310 2395 532 2431 Milevitano
561 2395 686 2430 adfuit
713 2396 766 2430 III
791 2396 871 2440 663,
898 2396 931 2430 4.

269 2457 523 2493 Lucifero
563 2458 771 2503 displicuit,
811 2459 925 2504 quod,
964 2442 1045 2504 qui'

311 2526 357 2551 ex
387 2515 558 2551 Arrianis
587 2516 637 2551 ad
666 2516 869 2552 ecclesiam
898 2517 1029 2552 catho-

310 2574 423 2609 licam
463 2573 651 2619 redibant,
693 2584 779 2609 cum
820 2573 1028 2609 honoribus

311 2632 390 2667 suis
423 2632 744 2677 suscipiebantur,
777 2636 827 2677 et,
859 2632 919 2667 cui
951 2632 1027 2668 dis-

312 2690 459 2735 plicuit,
528 2691 567 2726 in
637 2691 817 2726 tenebras
885 2690 1027 2726 cecidit

314 2748 530 2783 schismatis
553 2748 607 2783 IV
629 2748 686 2791 40,
710 2747 764 2782 25.

280 2831 294 2844 A
309 2822 332 2845 u
347 2821 366 2846 c
382 2811 499 2856 illa,
532 2810 852 2856 pecuniosissima
885 2811 1030 2855 mulier,

314 2879 382 2913 pro
398 2869 605 2913 disciplina
619 2868 886 2905 ecclesiastiea
898 2879 921 2904 a
935 2868 1027 2905 Cae-

1112 305 1252 341 ciliano
1292 306 1456 341 diacono
1494 311 1673 351 correpta
1710 311 1826 354 atquc

1112 363 1218 399 laesa
1247 368 1306 399 est
1335 364 1370 398 II
1401 365 1456 409 519,
1487 365 1519 400 4.
1552 365 1630 409 107,
1660 365 1716 400 25.
1748 366 1828 401 eius

1109 422 1276 468 pecunia
1303 422 1466 458 maxime
1495 423 1666 468 episcopi
1695 424 1829 459 adver-

1112 490 1176 515 sus
1223 480 1481 516 Caecilianum
1530 481 1646 526 empti
1693 484 1732 516 et
1777 482 1829 516 in-

1112 537 1245 583 stigati
1273 547 1357 573 esse
1386 538 1684 583 perhibebantur
1712 538 1745 573 II
1772 539 1829 582 99,

1112 595 1166 630 14.
1199 596 1256 631 20.
1291 595 1695 637 eoneii÷11m,Secundi
1729 596 1829 642 Tigi-

1111 653 1227 688 sitani
1248 653 1332 699 ipsa
1353 654 1539 689 conflavit
1558 655 1745 690 adversus
1766 653 1828 689 ab-

1111 714 1258 746 sentem
1294 711 1553 746 Caecifianum
1588 712 1624 747 II
1660 712 1738 756 108,
1773 712 1828 747 20.

1109 768 1317 804 Maiorinus
1360 779 1426 814 per
1467 780 1550 804 eam
1594 773 1829 816 congregata

1110 826 1378 871 episcoporum
1428 827 1597 862 factione
1648 827 1830 863 Caecilia—

1109 894 1200 919 num
1221 884 1400 920 damnavi
1408 896 1417 919 ῑ,
1439 884 1638 920 absentem
1653 885 1688 920 ΙΙ
1702 885 1781 930 108,
1795 887 1828 921 7.

1062 959 1313 995 Lucillus
1371 960 1568 1004 diaconus,
1624 971 1829 1006 germanus

1111 1028 1215 1062 suus,
1238 1021 1281 1053 ut
1304 1017 1376 1053 sibi
1402 1018 1627 1063 mitteretur,
1651 1018 1828 1054 Novatus

1110 1076 1314 1121 episcopus
1340 1086 1425 1111 cum
1450 1076 1676 1122 postularet,
1699 1076 1829 1122 Augu-

1110 1134 1246 1179 stinus,
1272 1145 1339 1170 cur
1366 1134 1403 1170 id
1430 1134 1556 1170 facere
1582 1145 1659 1170 non
1685 1137 1828 1180 posset,

1042 1179 1045 1227 i
1111 1192 1277 1237 epistula
1310 1192 1355 1228 84
1392 1192 1581 1237 exposuit.
1619 1192 1718 1228 idem
1755 1192 1829 1228 for-

1042 1233 1044 1327 i
1108 1254 1213 1287 tasse
1240 1254 1299 1287 est

1042 1324 1315 1419 kLucillus
1342 1325 1558 1370 episcopus,
1585 1327 1649 1369 qui
1676 1326 1714 1360 in
1741 1335 1829 1360 con-

1044 1429 1045 1440 }
1110 1383 1198 1418 cilio
1223 1382 1445 1418 Milevitano
1468 1382 1594 1419 adfuit
1617 1383 1670 1418 III
1693 1383 1773 1427 664,
1794 1384 1828 1419 3.

1044 1448 1422 1502 ³Lucinianus,
1463 1458 1506 1493 A.
1547 1458 1699 1494 iuvenis
1739 1458 1828 1493 ami-

1042 1514 1045 1559 5
1110 1526 1178 1552 cus
1207 1516 1224 1551 Ι
1252 1517 1308 1561 11,
1338 1517 1392 1551 14.
1422 1516 1478 1561 23,
1507 1517 1539 1552 8.

1061 1584 1290 1621 Lucitas
1340 1585 1438 1620 inter
1488 1589 1676 1630 martyres
1726 1585 1827 1621 haud

1110 1654 1230 1688 parvo
1258 1643 1362 1679 cultu
1390 1643 1598 1688 suspicitur
1624 1643 1640 1678 Ι
1664 1645 1722 1688 38,
1745 1644 1779 1679 3.

1061 1712 1090 1746 L
1106 1723 1129 1747 u
1145 1723 1164 1747 c
1180 1712 1190 1747 i
1206 1723 1279 1757 us,
1317 1713 1520 1758 episcopus
1559 1712 1755 1748 Romanus
1793 1712 1826 1747 ll

1111 1771 1189 1815 153,
1215 1771 1269 1806 18.

1061 1845 1262 1881 Lucius
1317 1846 1520 1891 episcopus
1574 1845 1611 1880 in
1664 1845 1827 1881 concilio

1110 1904 1333 1940 Milevitano
1362 1904 1487 1939 adfuit
1513 1904 1566 1938 III
1593 1904 1672 1947 664,
1701 1903 1731 1938 1.

1061 1973 1113 2008 lu
1128 1984 1162 2007 m
1178 1983 1197 2008 e
1213 1983 1263 2008 n:
1296 1983 1370 2018 quo
1402 1973 1515 2008 modo
1547 1973 1829 2008 discerneretur

1109 2031 1238 2066 lumen
1286 2041 1419 2066 verum
1470 2041 1493 2065 a
1542 2030 1682 2065 lumine
1733 2029 1828 2064 inlu-

1107 2088 1264 2132 minato,
1284 2088 1323 2124 id
1343 2092 1401 2124 est
1421 2088 1596 2124 Christus
1615 2099 1638 2123 a
1658 2088 1826 2123 Iohanne

1109 2146 1163 2181 III
1187 2146 1265 2191 160,
1289 2146 1346 2181 22.

1062 2221 1112 2256 lu
1128 2232 1152 2255 n
1166 2232 1190 2256 a
1207 2233 1214 2255 :
1238 2221 1284 2257 de
1307 2221 1400 2256 luna
1420 2224 1616 2256 crescente
1638 2224 1678 2256 et
1698 2220 1826 2256 decre-

1111 2283 1241 2314 scente
1265 2279 1299 2313 ΙΙ
1323 2279 1401 2322 175,
1425 2279 1596 2323 12—177,
1620 2279 1674 2313 16.
1698 2288 1826 2323 quam-

1110 2337 1169 2372 vis
1203 2336 1410 2372 Christiani
1441 2337 1489 2371 ad
1522 2336 1613 2372 solis
1646 2339 1685 2371 et
1714 2336 1826 2370 lunae

1109 2395 1435 2439 computationem
1457 2395 1601 2439 pascha
1621 2393 1827 2437 celebrent,

1110 2463 1186 2487 non
1237 2456 1368 2487 tamen
1417 2452 1464 2488 de
1516 2452 1595 2488 sole
1647 2454 1686 2487 et
1736 2451 1827 2486 luna

1108 2510 1245 2545 annuis
1290 2510 1545 2546 menstruisve
1591 2508 1827 2554 temporibus

1110 2568 1304 2603 actionum
1347 2578 1501 2603 suarum
1541 2571 1683 2603 eventa
1723 2566 1826 2603 coni·-

1110 2627 1217 2661 ciunt
1245 2625 1279 2660 II
1311 2626 1390 2670 182,
1421 2625 1476 2660 14.
1507 2625 1585 2670 183,
1613 2624 1764 2668 9-185,
1792 2625 1825 2659 3.

1061 2695 1303 2730 lunaris:
1337 2695 1384 2730 de
1416 2693 1661 2730 incrementis
1693 2696 1733 2729 et
1763 2693 1825 2728 de-

1114 2752 1318 2789 crementis
1332 2751 1540 2796 lunaribus,
1555 2751 1719 2787 maxime
1733 2750 1824 2796 quid

1111 2810 1319 2846 delirarent
1339 2809 1552 2845 Manichaei
1574 2809 1610 2844 II
1633 2809 1712 2854 175,
1736 2808 1826 2844 14-

1112 2869 1190 2912 177,
1218 2868 1273 2903 16.
