2078 3054
286 136 372 178 270
962 153 1104 190 Index
1133 154 1178 190 V.

289 265 575 302 Numidius
622 267 829 312 episcopus
877 268 916 303 in
962 278 1049 303 con-

335 324 422 358 cilio
470 324 768 371 Carthaginensi
812 326 937 361 adfuit
995 325 1049 360 ΙΙΙ

335 383 414 427 652,
440 383 472 418 3.

290 439 629 476 Nummasius
713 442 928 477 advocatus
1009 442 1048 477 in

335 509 452 533 causa
486 498 710 534 Maximiani
741 500 775 534 II
807 500 886 545 626,
918 501 950 536 9.

288 555 668 592 Nundinarius
702 557 890 593 diaconus
923 569 947 593 a
980 557 1049 594 Sil-

335 625 447 660 vano,
481 614 648 650 Cirtensi
683 616 879 661 episcopo,
914 616 1048 661 degra-

333 672 448 708 datus
482 672 603 708 multa
637 674 821 717 patefecit
855 674 976 710 iratus
1010 679 1048 710 et

334 731 371 765 in
417 731 600 766 iudicium
646 731 839 776 publicum
886 732 1048 776 protulit

336 788 366 822 ll
399 789 453 833 99,
484 789 536 824 16.
569 789 644 834 155,
676 790 729 824 18.

1135 270 1181 305 (le
1221 270 1368 316 origine
1410 273 1561 309 animae
1602 278 1640 309 et
1681 274 1727 309 (lc
1766 273 1847 309 offi-

1135 328 1239 363 cioso
1266 329 1426 374 utilique
1455 331 1656 366 mendacio
1688 332 1740 365 lll
1768 333 1847 376 698,

1136 387 1166 420 7.
1198 387 1252 421 26.
1283 397 1425 422 novum
1455 387 1681 434 Hieronymi
1711 390 1845 425 librum

1134 444 1180 479 (le
1227 446 1506 482 resurrectione
1552 447 1690 492 carnis,
1735 459 1845 493 quem

1135 501 1310 537 Oceanus
1352 504 1400 538 ab
1442 504 1576 539 Orosio
1620 506 1847 551 presbytero

1133 559 1427 596 describendum
1463 568 1678 608 acceperat,
1715 564 1770 608 Λ.,
1808 569 1847 599 ut

1135 618 1205 652 sibi
1237 619 1388 654 mittere
1418 630 1464 654 ne
1495 625 1753 666 cunctaretur,
1785 632 1847 666 pe-

1134 675 1222 710 tivit
1259 675 1313 710 Ill
1348 678 1426 721 700,
1466 678 1518 712 13.
1555 677 1733 714 Ocea-nus
1769 679 1848 714 lau-

1133 733 1249 768 datus
1275 735 1322 769 ab
1348 734 1583 780 Hieronymo
1610 736 1663 770 llI
1688 737 1768 783 544,
1794 738 1847 782 18,

1134 792 1182 827 ab
1208 792 1252 826 A.
1278 791 1332 826 ΙΙΙ
1359 793 1436 838 700,
1465 794 1519 828 11.

1086 859 1108 883 o
1124 859 1143 882 c
1158 853 1174 883 t
1187 859 1210 884 a
1223 860 1248 884 v
1262 860 1286 884 a
1299 861 1319 885 e
1345 860 1379 885 v.
1407 851 1610 895 baptisma.
1637 852 1731 888 dies.

285 920 306 943 o
322 910 344 945 b
360 920 378 945 e
394 909 406 944 l
421 921 446 945 u
460 920 494 955 s,
529 910 721 946 obeliscus
755 921 790 946 v.
827 910 1046 946 asteriscus.
1087 906 1116 941 O
1131 917 1150 941 c
1166 912 1180 942 t
1194 918 1218 942 a
1231 919 1256 942 v
1271 908 1283 942 i
1297 919 1320 943 a
1334 919 1358 942 n
1373 919 1397 943 u
1412 919 1429 944 s
1456 910 1663 953 episcopus
1693 912 1731 946 in
1760 921 1848 946 con-

334 968 496 1014 virgula.

285 1026 500 1061 oblatio
516 1037 574 1062 ne
591 1037 607 1062 s
637 1037 706 1071 pro
735 1027 934 1071 spiritibus
962 1027 1046 1062 ‹lor-

1133 965 1221 1001 cilio
1271 966 1567 1012 Carthaginensi
1617 968 1745 1004 adfuit
1792 968 1846 1003 111

1133 1024 1212 1068 653,
1238 1022 1271 1059 ’4.

334 1084 532 1119 inientium
563 1085 576 1118 I
607 1085 662 1130 59,
689 1085 720 1120 2.
749 1090 941 1120 voventur
970 1095 1047 1119 om·
1086 1080 1352 1117 Octavius
1381 1083 1588 1127 episcopus
1616 1084 1656 1119 in
1683 1084 1846 1120 coneilio

334 1142 408 1187 nia,
455 1154 553 1188 quae
589 1142 803 1178 offerunt-ur
839 1143 922 1178 deo.
971 1153 1046 1177 ma-

1132 1139 1430 1185 Carthaginensi
1462 1141 1589 1176 adfuit
1621 1142 1674 1176 ΙΙΙ
1704 1143 1784 1187 652,
1815 1144 1846 1177 7.

333 1201 432 1236 xime
472 1202 596 1236 sancti
635 1201 768 1236 altaris
808 1201 951 1236 oblatio
994 1201 1045 1235 lll
1087 1196 1189 1233 Oea
1216 1198 1355 1234 civitas
1382 1198 1416 1233 II
1444 1199 1523 1244 253,
1551 1200 1582 1235 7.
1609 1200 1689 1246 321,
1717 1201 1748 1236 9.

332 1259 410 1303 363,
439 1259 468 1293 1.
496 1259 559 1294 ubi
585 1269 655 1294 nee
681 1259 890 1294 sacrificari
917 1263 1044 1303 potest
1086 1256 1222 1290 (leon
1240 1266 1343 1291 ses:
1383 1257 1570 1300 Apuleius
1609 1268 1679 1302 pro
1718 1262 1847 1294 statua

332 1316 487 1352 domino
542 1317 604 1352 vel
658 1317 748 1353 ferri
801 1317 945 1352 oblatio
997 1317 1045 1352 ad

332 1375 453 1410 altare
498 1375 561 1410 dei
605 1375 667 1410 vel
712 1375 878 1411 inveniri
923 1385 1046 1411 sacci·-

331 1433 413 1471 dos,
462 1444 528 1477 per
572 1443 684 1478 quem
730 1433 915 1469 offeratur
961 1434 1045 1477 deo,

333 1491 424 1536 quid
453 1491 670 1526 faciendum
695 1491 744 1526 sit
768 1491 802 1525 II
825 1492 905 1535 655,
929 1492 957 1526 1.

1133 1314 1203 1349 sibi
1242 1315 1345 1359 apud
1382 1314 1561 1360 Oeenses,
1598 1317 1699 1353 unde
1735 1317 1847 1352 liabe-

1132 1373 1197 1407 bat
1230 1383 1401 1418 uxorem,
1433 1373 1598 1409 locanda
1632 1375 1845 1410 orationem

1132 1430 1266 1466 habuit
1297 1437 1334 1466 et
1366 1432 1572 1468 memoriae
1605 1434 1847 1469 commenda—

1133 1488 1188 1523 vit
1220 1488 1272 1522 lll
1307 1490 1383 1535 146,
1413 1490 1468 1524 20.

286 1550 318 1582 ‘0
335 1549 357 1584 b
372 1560 388 1583 s
404 1559 423 1584 e
439 1560 528 1584 cra
542 1554 558 1584 t
572 1549 584 1584 i
597 1559 619 1584 0
635 1560 659 1584 n
673 1560 693 1585 e
710 1549 738 1584 s‘
779 1549 853 1595 vel,
896 1554 937 1584 ut
980 1549 1046 1584 alii
1085 1556 1106 1579 0
1123 1546 1199 1581 sse
1214 1557 1231 1581 r
1246 1557 1262 1580 r
1278 1557 1317 1582 e:
1346 1547 1438 1583 alibi
1466 1548 1593 1583 nullus
1622 1548 1705 1584 dies
1732 1548 1847 1585 inter-

333 1607 486 1642 codices
529 1607 683 1652 habent,
728 1607 1045 1651 ‘deprecationes‘

335 1679 380 1692 Ξ
403 1666 549 1713 δεήσεις
574 1665 629 1699 III
657 1666 736 1710 359,
766 1666 820 1700 16.

286 1720 488 1758 Oceani
524 1723 616 1759 litus
652 1723 707 1757 ΙΙΙ
743 1724 821 1768 621,
860 1724 913 1758 14.
950 1723 1046 1758 mari

333 1780 485 1816 Oceano
514 1781 681 1827 cingitur
712 1782 916 1817 universus
943 1782 1046 1817 orbis

334 1838 385 1873 IV
418 1839 497 1884 285,
532 1839 586 1874 16.
620 1839 698 1884 286,
735 1839 788 1875 11.
822 1840 871 1875 ad
904 1838 1047 1875 Oceani

332 1896 447 1932 litora
474 1897 513 1932 in
539 1897 844 1933 occidentalibus
872 1898 1047 1942 partibus

332 1955 534 1990 ecclesiam
563 1956 786 1999 pervenisse
826 1956 900 1991 iam
941 1958 1047 1991 novi-

333 2023 416 2048 mus
446 2013 497 2047 lV
525 2013 604 2058 286,
635 2013 689 2048 11.
717 2013 927 2049 insularum
955 2024 1046 2048 non-

333 2071 460 2106 nullae
507 2071 623 2106 etiam
673 2072 711 2106 in
759 2071 911 2107 Oceano
957 2075 1045 2107 sunt

333 2129 567 2164 constitutae
609 2134 647 2165 et
687 2130 873 2174 quasdam
915 2140 1045 2165 earum

333 2186 577 2232 evangelium
605 2187 680 2222 iam
707 2188 924 2231 suscepisse
950 2187 1047 2223 didi-

333 2244 454 2279 cimus
485 2244 537 2279 lV
568 2245 647 2290 286,
675 2246 708 2280 5.

286 2302 550 2347 Oceanus,
601 2302 812 2338 Marcellini
861 2308 898 2339 et
947 2303 1048 2338 Ana-

334 2360 518 2404 psychiae
550 2370 691 2404 parens
724 2361 776 2395 ΙΙΙ
811 2362 888 2405 543,
921 2362 952 2396 4.
986 2361 1047 2396 cui

333 2418 388 2452 illi
424 2429 492 2462 per
530 2418 805 2463 Hieronymum
843 2430 882 2454 se
919 2419 1047 2463 cupie—

332 2476 422 2510 bant
469 2477 729 2522 (·01111ne,ndari
773 2476 827 2511 III
868 2478 948 2522 544,
994 2477 1046 2512 17.

334 2544 417 2568 euni
458 2534 596 2569 habere
638 2539 746 2578 putat
790 2534 1046 2579 Hieronymus

333 2591 450 2625 libros
485 2602 574 2626 suos
608 2599 742 2626 contra
778 2592 957 2628 Rufinum
992 2592 1046 2626 Ill

334 2649 412 2693 5413,
450 2650 481 2683 4.
521 2655 598 2684 tres
637 2650 685 2684 ad
724 2650 766 2685 A.
805 2650 906 2685 misit
947 2660 1046 2695 epp„

334 2717 379 2740 ex
415 2707 551 2751 quibus
586 2718 663 2742 una
697 2718 771 2742 non
804 2713 861 2743 cst
895 2708 1047 2743 reddita

338 2764 386 2797 lll
414 2765 492 2809 697,
518 2765 572 2799 23.
598 2775 656 2809 ep.
686 2766 748 2799 180
774 2766 818 2800 Α.
846 2766 1046 2809 respondit

334 2823 383 2857 ud
410 2822 656 2867 quaestiones
682 2823 729 2857 ab
753 2833 798 2857 eo
826 2824 1046 2867 propositas

1133 1604 1308 1650 mittitur,
1336 1616 1411 1651 quo
1437 1617 1513 1640 non
1535 1606 1732 1651 offeratur,
1756 1606 1847 1643 alibi

1134 1663 1294 1698 sabbato
1346 1669 1496 1699 tantum
1550 1670 1588 1700 et
1640 1665 1846 1710 dominico,

1133 1720 1223 1755 alibi
1252 1725 1400 1756 tantum
1428 1722 1622 1757 dominico
1649 1722 1684 1757 11
1711 1723 1787 1767 160,
1814 1724 1846 1758 7.

1133 1779 1222 1813 alibi
1253 1779 1309 1814 bis
1341 1779 1501 1814 offertur
1531 1781 1668 1825 quinta
1697 1781 1845 1816 sabbati

1134 1837 1290 1872 ultimae
1321 1838 1640 1883 quadragesimae
1670 1845 1706 1873 et
1736 1849 1846 1873 mano

1134 1899 1173 1929 et
1214 1895 1262 1929 ad
1306 1905 1519 1940 vesperam.
1564 1895 1652 1930 alibi
1697 1896 1733 1930 in
1776 1896 1851 1930 fine

1133 1957 1283 1987 tantum
1320 1953 1396 1988 diei
1434 1964 1516 1988 mos
1553 1958 1609 1988 est
1645 1953 1774 1989 offerri
1811 1953 1845 1988 ΙΙ

1136 2010 1211 2054 164,
1236 2010 1293 2049 14;
1320 2011 1366 2051 cf.
1393 2012 1468 2055 165,
1491 2012 1527 2055 33
1552 2022 1663 2047 mane
1687 2011 1845 2046 offertur

1133 2072 1291 2112 propter
1315 2069 1564 2113 prandentes,
1588 2070 1679 2114 quia
1704 2069 1846 2104 ieiunia

1134 2125 1246 2160 simul
1288 2129 1326 2160 et
1368 2126 1525 2161 lavacra
1566 2127 1730 2162 tolerare
1773 2137 1848 2161 non

1134 2188 1307 2228 possunt,
1373 2184 1421 2219 ad
1487 2194 1689 2228 vesperam
1754 2195 1844 2219 vero

1133 2246 1291 2284 propter
1326 2241 1543 2277 ieiunantes
1578 2243 1655 2287 168,
1691 2243 1746 2285 11·7
1792 2242 1846 2277 fa-

1133 2299 1209 2334 ciat
1241 2299 1414 2344 quisque,
1446 2300 1549 2345 quod
1581 2300 1618 2334 in
1651 2311 1698 2335 ea
1727 2300 1846 2335 eccle-

1134 2356 1201 2400 sia,
1265 2357 1303 2391 in
1354 2368 1466 2402 quam
1518 2358 1635 2401 venit,
1698 2358 1846 2394 invenit

1133 2414 1210 2453 165,
1240 2415 1294 2449 16.
1324 2425 1358 2449 v.
1387 2414 1587 2459 baptisma.
1616 2415 1710 2450 (leus
1741 2415 1847 2458 (186).

1133 2472 1377 2507 eucharistia.
1406 2472 1580 2508 antistes.

1086 2534 1391 2570 officialis:
1449 2536 1658 2580 imperator
1699 2535 1846 2580 episco—

1133 2603 1203 2636 pos
1253 2594 1300 2628 ab
1341 2593 1579 2629 officialibus
1630 2593 1845 2629 custoditos

1133 2651 1223 2686 fecit
1260 2650 1532 2686 Mediolanium
1569 2651 1772 2695 pervenire
1809 2650 1844 2684 II

1134 2709 1210 2753 102,
1260 2709 1314 2743 20.
1376 2708 1633 2753 Florentinus,
1693 2708 1845 2743 comitis

1132 2766 1320 2803 officialis,
1349 2777 1415 2810 pm·
1441 2771 1674 2801 armatorum
1691 2777 1842 2801 nia-num

1134 2824 1262 2868 rapuit
1303 2823 1480 2869 aliquem,
1531 2825 1596 2869 qui
1637 2824 1687 2859 ad
1727 2824 1843 2859 ecclc-
