2078 3054
943 123 1085 160 Index
1110 122 1154 158 V.

322 246 360 277 et.
389 240 601 277 catholicae
633 239 721 275 fidei
750 238 914 274 veritate
945 247 1032 273 con-

322 299 504 344 fligebant
565 298 771 342 praecipue
832 296 1032 341 presbyter

325 356 578 401 Hieronymus
608 355 662 389 III
690 355 770 400 667,
795 355 827 389 9.
857 354 899 388 Α.
928 353 1032 388 misit

322 414 513 460 quandam
548 424 570 448 a
603 424 642 448 se
677 412 935 456 conscriptam
969 421 1032 446 ve-

324 472 378 505 lut
419 471 678 506 defensionem
722 480 840 512 suam,
881 480 957 514 qua
996 478 1035 502 se

322 529 418 563 dixit.
447 528 606 563 obiectis
639 527 881 572 respondisse
912 526 1035 560 Gallo-

324 598 404 621 rum
442 586 495 620 111
529 586 607 625 695.
644 587 696 620 14.
731 585 851 621 verba
883 594 929 619 ex
963 583 1032 617 hac

323 645 547 679 defensione
589 643 719 678 adlata
763 635 831 676 111'
859 643 937 683 695,
981 642 1032 675 19.

323 702 477 747 quidam
512 712 558 737 ex
592 700 793 744 discipulis
828 700 909 734 eius
943 699 1033 734 adu-

324 760 512 795 lescentes
559 759 749 794 dederunt
795 758 837 792 A.
887 758 1033 800 librum,

324 828 434 862 quem
463 817 634 853 eiusdem
663 816 794 861 Pelagi
820 825 903 851 esse
930 815 1034 850 dixe-

325 880 423 919 runt,
458 880 650 919 rogantes,
685 880 726 909 ut
760 874 795 909 ei
829 873 1034 916 responde-

326 938 396 971 ret:
425 943 536 977 quem
566 932 701 967 :ibrum
729 931 772 966 Α.
799 931 894 976 legit
920 935 1034 975 atque

326 990 527 1033 respondit
577 989 630 1023 III
679 989 758 1033 692,
807 989 935 1031 3—15;
989 987 1034 1028 cs.

325 1048 403 1092 675,
426 1048 457 1083 3.
483 1048 560 1087 697.
585 1048 616 1082 5.
640 1047 691 1081 IV
715 1048 771 1090 45,
796 1047 853 1084 20:
880 1055 1035 1089 respon-

326 1105 381 1139 dit.
424 1109 550 1140 autem
596 1105 713 1139 tacito
758 1104 909 1138 nomine
953 1096 1058 1152 auc-i

325 1163 431 1207 toris,
477 1173 523 1197 ne
570 1161 740 1197 offensus
788 1161 1036 1196 insanabilior

327 1220 550 1256 redderetur
587 1220 638 1254 IV
675 1221 730 1261 46,
763 1222 795 1254 4.
830 1230 904 1264 qno
940 1219 1034 1254 libro

328 1278 504 1323 Pelagius
538 1288 584 1312 ea
615 1287 771 1321 prorsus
805 1277 1036 1321 persuadere

326 1335 565 1372 moliebatur.
615 1346 711 1380 quae
762 1335 925 1380 gratiam
976 1335 1057 1369 dei«

327 1404 393 1436 per
426 1393 617 1428 Christum
652 1393 776 1428 Iesum
809 1394 940 1439 generi
973 1393 1036 1427 hu-

327 1461 438 1485 mano
491 1450 723 1494 impertitam
773 1451 819 1486 de
869 1442 1058 1495 fidelium}

328 1509 506 1543 cordibus
548 1509 732 1544 creditam
774 1508 944 1544 delerent
986 1508 1058 1542 IV:

327 1567 381 1610 45,
414 1566 468 1601 20.
502 1567 620 1601 verba
648 1577 693 1601 ex
728 1566 797 1601 hoc
830 1566 924 1601 libro
954 1576 1058 1609 prou.

329 1624 407 1659 lata
445 1624 495 1658 111
534 1625 613 1668 695,
651 1625 706 1659 29.
745 1624 868 1667 ipsum
906 1612 1059 1668 Pelagi'

329 1682 463 1716 librum
495 1687 533 1717 et
563 1693 683 1723 suum,
713 1692 787 1726 quo
818 1682 852 1717 ei
883 1690 1038 1725 respon-

328 1740 395 1783 dit,
426 1740 469 1774 Α.
498 1740 547 1774 ad
579 1739 786 1774 Iohannem
814 1740 1060 1783 episcopum}

331 1797 432 1832 misit
460 1797 512 1831 111.
541 1797 618 1841 694,
645 1798 676 1832 5.
706 1797 805 1832 mem
832 1797 926 1832 liber
954 1786 1060 1837 mis-l

330 1865 393 1889 sus
427 1859 484 1890 est
518 1855 565 1889 ad
600 1864 736 1899 papam
773 1845 1061 1894 innocentiam}

333 1912 384 1946 111
408 1912 485 1955 675ΑΓ
508 1914 529 1947 :3
564 1912 641 1956 729,
664 1913 694 1947 6.
719 1913 765 1947 de.
787 1912 918 1957 pelagi
944 1896 1061 1958 libro&

330 1970 421 2014 quid
451 1970 682 2005 iudicaverit
711 1970 957 2005 Innocentius
986 1969 1040 2004 III

331 2027 409 2066 729,
432 2027 463 2062 6.
490 2027 668 2072 Pelagius
690 2028 736 2063 de
762 2027 915 2071 iudicio,
938 2027 1040 2072 quod

330 2085 376 2119 de
423 2085 505 2129 ipso
550 2087 588 2121 in
633 2085 853 2120 Palaestina
898 2085 1039 2120 factum

331 2148 399 2180 est.
438 2143 643 2178 damnatus
677 2143 832 2186 exisset,
869 2143 943 2177 nisi
980 2144 1041 2178 ob-

332 2200 431 2235 iecta
475 2201 546 2236 sibi
591 2206 726 2235 contra
770 2201 934 2246 gratiam
979 2200 1041 2236 dei

332 2257 446 2294 dicta.
484 2269 581 2303 quae
620 2259 824 2295 obscurare
863 2268 938 2293 non
977 2268 1042 2302 po-

332 2316 416 2352 tnit.
441 2315 521 2358 ipse
548 2316 771 2351 damnasset
796 2316 847 2350 IV
872 2316 927 2360 70,
953 2315 1043 2350 16—

333 2373 386 2413 72,
413 2373 434 2407 3
465 2374 525 2414 (cf.
554 2373 608 2416 72,
634 2374 759 2417 5—73,
786 2374 856 2417 17).
886 2373 1041 2409 anathe-

333 2440 456 2465 masse
483 2431 635 2465 videtnr
661 2441 737 2471 eos,
763 2432 827 2476 qui
851 2431 1041 2475 dicebant,

333 2487 434 2531 qnod
465 2494 665 2532 peccatum
696 2488 800 2523 Adae
832 2488 955 2532 ipsum
986 2499 1043 2523 so-

333 2545 408 2580 lum
442 2545 618 2580 laesisset
650 2550 686 2581 et
719 2556 793 2580 non
827 2556 948 2590 genus
978 2536 1064 2623 hwi

334 2613 485 2637 manum
545 2602 596 2636 IV
636 2603 691 2646 67,
734 2603 769 2646 53
825 2603 871 2642 cf.
914 2603 969 2647 71,
1010 2603 1064 2653 3·i

334 2660 472 2694 timens
510 2660 685 2695 damnari
724 2660 762 2695 in
800 2660 1064 2703 orientalium]

335 2717 602 2760 episcoporum
655 2718 796 2752 iudicio
846 2707 1065 2760 damnavi&

337 2778 578 2823 sententiam,
622 2789 698 2824 qua
738 2778 918 2815 dicebant
960 2767 1067 2827 gra-³,

360 2843 458 2871 LVIII.
479 2844 664 2877 Augustinus.
687 2845 948 2878 (Goldbncher.)

1743 108 1826 150 289

1116 237 1208 272 tiam
1237 236 1299 272 dei
1330 246 1405 272 non
1435 236 1483 271 ad
1515 236 1687 282 singulos
1717 241 1825 271 actus

1117 295 1212 339 dari,
1243 295 1310 330 sed
1340 295 1378 330 in
1407 294 1526 330 libero
1557 294 1715 330 arbitrio
1743 305 1826 330 esse

1116 352 1179 390 vel
1218 353 1255 388 in
1291 352 1375 398 lege
1411 356 1527 398 atque
1562 352 1738 387 doctrina
1776 352 1825 386 IV

1117 412 1196 456 406,
1226 412 1257 446 2.
1288 412 1318 446 7.
1345 411 1424 455 417,
1452 411 1484 445 5.
1515 411 1553 445 in
1581 421 1656 455 quo
1686 410 1825 445 iudicio

1117 479 1195 514 eos,
1237 469 1301 514 qui
1341 469 1521 503 dicebant
1560 468 1723 513 gratiam
1766 468 1826 502 dei

1118 527 1327 562 secundum
1374 526 1512 562 merita
1556 530 1690 560 nostra
1733 525 1829 563 dari.

1119 585 1200 620 sine
1228 584 1467 620 dubitatione
1495 584 1706 627 damnavit,
1734 594 1779 618 ne
1808 594 1828 616 a

1118 642 1318 678 catholicis
1357 642 1546 677 iudicibus
1582 642 1829 676 damnaretur

1121 700 1171 734 IV
1206 702 1284 744 417,
1321 700 1355 743 23
1393 700 1438 741 cf.
1476 700 1552 744 181,
1590 700 1643 734 14.
1682 699 1756 743 182,
1794 699 1828 733 5;

1119 758 1200 793 sine
1225 758 1312 793 ullis
1337 757 1657 802 praecedentibus
1684 756 1829 791 meritis

1119 816 1282 860 gratiam
1329 816 1451 859 ipsam
1497 815 1700 849 humanam
1748 825 1829 849 esse

1122 878 1308 918 naturam,
1334 874 1371 908 in
1394 883 1471 919 qua
1493 873 1638 908 conditi
1660 883 1830 907 essemus

1122 931 1173 965 IV
1205 931 1280 975 182,
1312 931 1343 966 8.
1375 932 1411 966 in
1442 931 1576 966 eodem
1608 930 1761 973 iudicio,
1792 934 1827 963 ut

1121 989 1248 1034 aliquo
1280 988 1392 1023 modo
1423 988 1635 1023 catholicus
1666 997 1832 1032 pronun<

1121 1047 1293 1091 tiaretur,
1330 1047 1577 1082 anathemare
1612 1045 1832 1089 compulsus

1122 1110 1190 1149 est,
1262 1105 1327 1150 qui
1400 1104 1579 1140 dicebant
1652 1104 1831 1145 infantes,

1122 1163 1272 1198 etiamsi
1313 1173 1389 1197 non
1430 1163 1729 1206 baptizarentur,
1771 1162 1831 1195 ha-

1123 1222 1209 1256 bere
1239 1221 1357 1255 vitam
1387 1225 1580 1255 aeternam
1611 1220 1662 1253 IV
1691 1220 1746 1254 67.
1777 1220 1831 1253 15:

1123 1279 1169 1319 cs.
1210 1279 1265 1322 68,
1307 1279 1359 1313 10.
1403 1278 1454 1312 16.
1494 1288 1643 1312 summa
1683 1287 1829 1312 semen-

1123 1337 1274 1382 tiarum,
1325 1346 1420 1381 quas
1471 1346 1602 1370 omnes
1655 1335 1833 1376 Pelagius

1124 1395 1176 1428 sic
1204 1393 1480 1437 anathemavit,
1507 1398 1548 1428 ut
1573 1393 1666 1427 nihil
1693 1393 1740 1427 ad
1769 1404 1834 1426 ρης

1123 1442 1276 1496 qudquo
1315 1451 1427 1486 modo
1465 1451 1726 1485 defendendas
1765 1451 1836 1483 dis*

1123 1509 1333 1553 putationis
1368 1508 1548 1543 adtulerit
1579 1508 1629 1541 IV
1661 1509 1716 1551 70,
1748 1508 1837 1541 ’2οὴ

1124 1567 1178 1610 72,
1205 1568 1236 1602 3.
1266 1566 1363 1601 hanc
1393 1566 1525 1611 Pelagi
1553 1565 1832 1601 confessionem

1125 1629 1164 1660 ct
1247 1624 1480 1668 episcopalis
1564 1624 1833 1658 auctoritatem

1126 1682 1258 1717 iudicii
1339 1682 1512 1727 quisquis
1593 1682 1834 1727 sequebatur.

1125 1751 1313 1785 quaenam
1344 1745 1384 1774 ut
1412 1744 1541 1775 tenere
1569 1740 1735 1783 deberet,
1766 1739 1835 1773 fuit

1126 1797 1388 1843 consequens?
1430 1797 1480 1831 IV
1521 1797 1576 1839 72,
1615 1798 1740 1840 3—73,
1780 1797 1834 1831 23.

1125 1861 1236 1900 gesta
1266 1855 1397 1890 iudicii
1427 1854 1660 1899 episcopalis
1689 1855 1835 1889 nescite

1127 1923 1165 1948 se
1206 1913 1360 1957 scripsit
1400 1913 1658 1956 Innocentius,
1709 1918 1833 1946 utrum

1126 1981 1220 2006 vera
1245 1975 1388 2012 essent3
1415 1975 1523 2015 ‘quae
1550 1970 1581 2005 si
1606 1980 1699 2005 vera
1725 1976 1836 2013 snnt‘,

1126 2029 1260 2074 inquit,
1293 2028 1501 2073 ‘Pelagium
1532 2033 1685 2063 constat
1714 2028 1836 2069 magis

1128 2086 1417 2132 subterfugisse,
1449 2096 1562 2132 quam
1594 2096 1633 2121 se
1663 2090 1744 2120 tota
1776 2097 1836 2119 ve-

1127 2144 1240 2180 ritate
1278 2144 1475 2190 purgasse‘
1513 2143 1565 2177 III
1602 2143 1681 2188 728,
1717 2144 1751 2186 7·,
1790 2143 1835 2182 cf.

1127 2202 1205 2247 727,
1239 2202 1362 2237 2-13.
1397 2211 1472 2236 non
1507 2201 1720 2245 culpandos
1754 2211 1836 2235 esse

1128 2259 1285 2303 iudices,
1337 2259 1474 2305 quibus
1523 2259 1704 2304 Pelagius
1756 2263 1837 2293 erat

1128 2322 1325 2362 purgatus,
1374 2318 1412 2351 in
1457 2327 1516 2361 ep.
1554 2317 1619 2351 177
1665 2315 1837 2360 episcopi

1128 2374 1353 2410 Innocentio
1392 2374 1630 2418 scripserunt
1666 2373 1720 2407 ΙΙΙ
1759 2374 1837 2409 670.

1131 2432 1299 2475 12—671,
1332 2432 1388 2475 13;
1419 2432 1465 2473 cf.
1496 2432 1573 2476 728,
1602 2432 1633 2466 6.
1666 2431 1702 2465 in
1731 2431 1837 2465 libi-is

1128 2490 1416 2532 recentioribus,
1490 2499 1585 2534 quos
1659 2488 1837 2534 Pelagius

1129 2553 1215 2591 post
1242 2547 1423 2582 iudicium
1451 2547 1488 2581 in
1516 2546 1737 2582 Palaestina
1764 2546 1838 2580 fac-

1130 2610 1208 2640 tum
1249 2605 1448 2640 dicebatur
1488 2603 1667 2648 edidisse,
1709 2614 1838 2649 quam-

1130 2662 1189 2697 vis
1240 2662 1432 2697 adiutorio
1484 2662 1639 2697 divinae
1690 2661 1837 2707 gratiae

1130 2719 1346 2755 consentire
1393 2719 1600 2761 videretur,
1656 2719 1745 2764 quid
1792 2718 1839 2753 dc

1130 2780 1199 2815 hac
1238 2791 1275 2816 re
1313 2781 1483 2825 sentiret,
1520 2791 1595 2816 non
1632 2780 1726 2815 satis
1762 2780 1839 2815 evi-

1569 2850 1607 2883 19
