2078 3054
296 130 349 168 43
931 138 1076 179 ,innox
1103 137 1177 174 111.

300 258 555 292 liniocentius.
586 264 627 291 ut
659 267 773 299 supra
803 256 1064 299 exposuimus.
1096 255 1295 299 respondit
1325 255 1504 300 epistulis
1537 258 1613 292 181.
1645 259 1721 293 182.
1753 259 1817 293 1853

297 317 343 349 x'l
381 317 465 350 Kal.
497 315 726 350 Februarias
758 326 790 349 a.
822 315 888 348 417
920 315 1022 349 «latis
1053 320 1088 349 et
1121 315 1165 348 45
1196 314 1331 350 (liebus
1364 320 1452 357 post
1485 315 1536 349 lv
1570 315 1624 350 Id.
1660 316 1818 351 Martias

301 375 380 418 ipse
420 374 599 408 decessit.
653 373 781 417 itaque
821 379 910 407 ante
950 383 1117 408 inensem
1158 372 1327 416 Aprilem
1367 383 1400 407 a.
1441 373 1508 407 417
1549 373 1713 417 epistula
1757 376 1822 408 184¹>

299 433 441 475 >mima
470 442 545 466 non
571 440 625 466 est
655 442 776 476 neque
804 441 895 465 vero
921 431 1040 465 multo
1067 438 1167 475 post,
1194 441 1280 465 nam
1308 430 1452 465 nullum
1479 431 1635 465 omnino
1664 432 1817 466 vcrlnnn

295 491 341 523 «lc
381 489 543 533 Zosimo,
582 489 780 523 Innocenti
818 498 1051 524 successore.
1088 488 1177 523 facit
1216 488 1469 532 Augustinus.
1517 500 1650 524 verum
1690 496 1817 523 tamen

295 547 468 581 Zosimus
494 547 546 581 XI
574 546 659 580 Kal.
685 547 861 581 octobris
887 546 1058 581 eiusdem
1085 546 1175 580 anni
1203 546 1251 581 ad
1280 546 1484 581 Africanos
1509 547 1715 591 episcopos
1740 548 1818 591 epi-

296 605 434 640 stulam
461 605 575 641 misit.
603 615 676 650 qua
706 615 790 639 cum
817 604 1015 649 Pelagium
1042 610 1078 640 et
1109 604 1341 639 (faelestium
1367 610 1551 645 tueretur,
1577 605 1818 640 credulitatis

295 663 601 708 temeritatisque
648 662 732 697 illos
776 662 1037 698 insimulabat:
1081 663 1168 697 Nou.
1211 663 1335 704 decet,
1379 662 1514 707 inquit,
1558 663 1817 707 episcopalem

294 723 565 756 auctoritatem
587 724 624 755 et
643 722 852 766 praecipue
873 722 1118 765 prudentiam
1141 724 1308 755 vestram
1331 721 1380 755 ad
1400 721 1544 755 levium
1567 722 1815 756 susurronum

293 780 439 823 scriptu
470 779 684 823 pendere&
729 779 831 824 quod
867 778 1031 823 Alypius
1063 784 1100 814 et
1132 779 1384 823 Augustinus,
1417 789 1501 814 cum
1534 779 1583 814 ad
1616 779 1817 814 Paulinum

296 836 517 877 scriberent,
545 838 575 872 si
604 837 677 871 iam
705 837 993 881 cognovissent,
1020 840 1147 871 tacere
1176 847 1251 871 non
1279 840 1498 881 potuerunt.
1526 836 1623 871 inter
1650 837 1816 881 Aprilem

295 895 411 938 igitur
442 899 479 929 et
514 894 772 939 Septembrem
804 904 838 928 a.
870 895 937 928 417
971 894 1174 939 epistulam
1207 894 1336 929 (latam
1368 905 1453 929 esse
1485 895 1717 929 censendum
1750 900 1818 929 est.

437 952 650 996 Epistulam
686 953 751 987 187
786 953 868 987 sive
902 952 1039 987 librum
1073 953 1120 987 de
1155 952 1378 996 praesentia.
1413 953 1474 987 dei
1510 953 1560 988 ad
1595 952 1817 988 Dardanum

298 1010 538 1053 Augustinus
555 1010 592 1044 in
607 1010 940 1046 Retractationum
966 1010 989 1044 l.
1015 1010 1047 1044 Il
1073 1020 1104 1044 c.
1128 1011 1173 1044 49
1196 1015 1281 1053 post
1307 1010 1444 1045 librum
1469 1011 1515 1046 de
1539 1011 1660 1056 gestis
1683 1010 1816 1056 Pelagi

295 1076 327 1103 ct
357 1069 491 1103 librum
517 1069 564 1104 tle
588 1068 836 1103 correctione
855 1068 1147 1103 Donatistarum
1173 1074 1377 1113 utrumque
1403 1079 1436 1103 a.
1460 1069 1528 1103 417
1556 1069 1816 1113 conscriptum

296 1127 421 1169 posuit
450 1132 484 1162 et
514 1131 604 1162 ante
631 1126 747 1161 libros
773 1126 821 1162 ‹le
848 1127 974 1171 gratia
1001 1126 1143 1161 Christi
1172 1131 1207 1161 et
1239 1127 1286 1161 de
1314 1132 1475 1170 peccato
1503 1127 1683 1172 originali
1709 1128 1817 1162 duos

295 1185 358 1228 qui
390 1184 472 1219 libri
504 1195 589 1219 cum
620 1184 854 1228 Carthagine
883 1184 1030 1218 exarati
1062 1184 1148 1227 sint,
1179 1183 1243 1218 ubi
1275 1184 1515 1229 Augustinus
1546 1188 1701 1230 propter
1732 1195 1819 1220 con-

294 1242 421 1277 cilium
457 1242 543 1277 Kal.
579 1242 674 1276 Mais
708 1253 741 1276 a.
774 1243 842 1277 418
876 1242 1046 1277 habitum
1080 1242 1321 1287 aliquantum
1358 1243 1544 1286 temporis
1578 1244 1818 1287 versabatur,

294 1300 463 1344 epistula
485 1306 612 1336 autem
640 1301 704 1335 187
728 1304 876 1335 aestate
891 1299 919 1344 ²)
951 1300 1108 1345 scripta,
1136 1300 1308 1345 sequitur
1333 1300 1429 1335 lianc
1456 1300 1660 1345 epistulam
1686 1301 1816 1337 datam

294 1369 378 1393 esse
403 1363 551 1394 aestate
576 1358 667 1392 anni
694 1358 773 1392 417.

436 1416 600 1461 Alypius
636 1421 670 1451 et
709 1416 951 1461 Augustinus
987 1427 1071 1451 cum
1108 1416 1293 1461 legissent
1331 1417 1467 1452 librum
1504 1417 1696 1462 quendam
1737 1418 1817 1452 sine

296 1474 448 1510 nomine
475 1475 673 1518 scriptum,
701 1475 766 1520 qui
790 1475 839 1509 ad
865 1473 1163 1518 Demetriadem,
1188 1474 1360 1509 Iulianae
1387 1474 1515 1518 tiliam.
1539 1475 1680 1510 missus
1705 1480 1818 1519 esset,

292 1532 496 1577 epistulam
522 1533 588 1568 188
610 1533 801 1568 dederunt
819 1533 868 1568 ad
888 1536 1047 1568 matrem
1068 1537 1281 1577 monentes,
1302 1538 1341 1567 ut
1364 1537 1548 1568 caverent
1570 1533 1818 1578 Pelagianum

297 1591 401 1625 illum
426 1591 561 1625 librum
587 1595 623 1626 et
648 1590 903 1634 sciscitantes,
927 1591 1103 1636 quisnam
1127 1601 1213 1626 eum
1239 1590 1502 1635 scripsisset-³)
1542 1591 1579 1626 in
1607 1591 1702 1626 libro
1726 1600 1819 1626 vero

295 1650 342 1683 (16,
365 1649 494 1694 gratia.
513 1649 654 1683 Christi
678 1649 920 1694 Augustinus
941 1649 1140 1694 Pelagium
1165 1649 1289 1693 ipsum
1312 1649 1430 1684 fuisse
1453 1649 1678 1693 scriptorem
1706 1649 1817 1685 habet

295 1706 578 1751 ‹·=,0mpertum‚⁴)
613 1707 714 1742 unde
744 1706 950 1751 epistulam
980 1699 1240 1742 'antecessisse
1271 1712 1446 1751 apparet,
1478 1707 1517 1742 id
1546 1712 1603 1742 est
1635 1707 1818 1751 scriptam

295 1775 379 1799 esse
408 1769 498 1800 ante
528 1764 667 1800 Maium
698 1765 790 1800 anni
818 1765 895 1809 418,
928 1775 1003 1810 quo
1034 1765 1127 1800 illud
1156 1775 1254 1810 opus
1284 1765 1542 1810 Augustinum
1576 1766 1614 1800 in
1643 1765 1819 1800 manibus

296 1822 474 1858 habuisse
511 1833 627 1867 supra
662 1822 913 1858 ostendimus.
961 1834 1083 1868 neque
1119 1833 1212 1858 vero
1247 1823 1350 1858 ultra-
1387 1822 1589 1859 Octobrem
1624 1824 1714 1858 anni
1751 1823 1820 1858 417

296 1891 377 1914 eam
406 1886 580 1924 repetere
609 1881 709 1916 licet.
749 1892 836 1916 nam
864 1881 1045 1926 Pelagius
1072 1881 1222 1917 litteras
1249 1881 1444 1926 quondam
1474 1881 1523 1916 ad
1551 1880 1817 1916 Innocentium

298 1949 435 1982 papam
460 1939 632 1982 dederat.
655 1949 753 1983 quae
780 1939 1007 1974 Innocentio
1031 1939 1183 1974 interim
1210 1944 1361 1974 mortuo
1385 1944 1471 1983 post
1497 1939 1641 1984 aliquot
1667 1945 1818 1974 menses

296 1995 446 2030 'hos-imo
477 1997 690 2031 successori
721 2002 810 2032 sunt
840 1997 1030 2033 redditae:
1063 1997 1237 2032 Zosimus
1265 2002 1394 2032 autem
1424 1996 1614 2041 epistulae
1645 2007 1736 2032 suae
1767 1996 1818 2031 XI

297 2053 382 2088 Kal.
416 2054 591 2089 octobris
623 2065 656 2088 a.
688 2055 755 2089 417
787 2055 837 2090 ad
870 2055 1074 2090 Africanos
1109 2055 1315 2099 episcopos
1347 2055 1461 2090 datae
1496 2065 1562 2090 eas
1594 2055 1816 2104 adiunaitfi)

295 2122 391 2156 quas
425 2124 508 2148 cum
545 2112 786 2156 Augustinus
820 2113 857 2148 in
892 2113 1058 2157 epistula
1092 2114 1160 2148 188
1195 2117 1369 2149 extrema
1402 2118 1684 2157 commemoret,
1720 2112 1817 2147 hanc

296 2170 499 2213 epistulam
534 2181 609 2205 non
640 2176 729 2206 ante
763 2171 947 2215 scriptam
978 2182 1061 2207 esse
1096 2176 1260 2206 constat.
1305 2171 1451 2215 scripta
1481 2175 1539 2206 est
1570 2171 1687 2216 igitur
1719 2171 1818 2205 inter

296 2227 498 2262 Octobrem
525 2240 558 2263 a.
585 2229 652 2263 417
677 2233 712 2263 et
744 2228 914 2272 Aprilem
940 2240 973 2264 a.
1000 2228 1079 2264 418.

438 2286 651 2330 Epistulam
687 2287 753 2322 189
784 2287 832 2321 ad
869 2287 1104 2322 Bonifatium
1138 2288 1268 2322 datam
1304 2286 1545 2332 Augustinus
1579 2287 1633 2321 sie
1667 2286 1815 2331 incipit:

295 2344 376 2378 Iam
425 2346 697 2389 rescripseram
744 2346 899 2380 caritati
947 2348 1047 2387 tuae,
1093 2346 1174 2388 secl,
1222 2356 1307 2380 cum
1354 2346 1545 2389 epistulae
1591 2345 1818 2389 dire‘yendae

295 2403 449 2436 occasio
489 2406 750 2446 quaereretur,
787 2405 1014 2446 supervenit
1054 2404 1329 2439 dilectissimus
1368 2404 1469 2445 filius
1507 2413 1615 2438 meus
1654 2404 1818 2437 Faustus

296 2471 463 2505 per-qens
497 2462 546 2496 (ul
585 2462 845 2496 esimietatem
884 2464 998 2496 tuam.
1049 2463 1113 2506 qui
1150 2471 1234 2496 cum
1272 2465 1377 2505 ipsas
1412 2462 1574 2504 litteras,
1611 2471 1706 2506 quus
1744 2462 1818 2495 iam

440 2589 466 2622 ¹)
498 2587 619 2622 Mansi
644 2588 780 2623 concil.
809 2589 892 2623 coll.
921 2588 972 2622 IV
998 2599 1033 2632 p.
1057 2590 1254 2624 353—355.
1464 2589 1493 2633 ²)
1523 2598 1558 2632 p.
1585 2589 1639 2624 82.
1669 2590 1700 2623 9.

438 2646 464 2683 ²²)
497 2657 532 2690 p.
566 2645 642 2683 122,
678 2646 824 2681 11—14.

437 2703 464 2743 ⁴)
494 2704 551 2747 37,
581 2705 626 2738 40
656 2703 799 2748 (Migne
829 2704 948 2738 XLIV
978 2714 1012 2748 p.
1043 2706 1122 2740 378.
1150 2705 1195 2740 49
1210 2716 1291 2750 sqq.

437 2761 465 2797 ⁵)
497 2761 618 2796 Mansi
642 2762 777 2797 concil.
801 2763 885 2797 coll.
913 2763 962 2796 lv
987 2774 1023 2807 p.
1048 2764 1116 2798 355
1132 2763 1174 2798 C:
1200 2764 1298 2808 Aug.
1322 2763 1369 2798 (le
1392 2763 1516 2808 gratia
1542 2762 1682 2797 Clu-isti
1708 2768 1743 2798 et
1770 2764 1815 2797 (1(-

298 2829 399 2861 pccc.
432 2820 526 2861 orig.
562 2820 590 2853 ll
626 2820 680 2855 17.
714 2821 756 2853 19
791 2820 932 2863 ‹Mignc
969 2820 1086 2854 XLlXv
1119 2832 1155 2865 p.
1187 2822 1265 2856 5394.
1298 2821 1463 2856 :us—em
