2078 3054
302 124 386 165 314
975 138 1117 174 lndex
1146 138 1189 174 V.

348 252 431 298 luit,
469 253 605 290 divina
641 253 805 290 veritate
846 257 1061 297 accusatus,

348 311 481 346 divina
521 311 729 347 severitate
769 314 968 355 correptus
1008 314 1082 346 ests

348 367 383 402 II
430 369 508 411 105,
552 369 584 403 5.
631 368 744 403 Anna
787 367 908 403 altera
952 367 1064 403 deum

348 430 506 469 precata
549 425 789 462 Samuhelem
831 426 983 470 peperit
1025 430 1063 461 et

1147 258 1258 297 perat
1298 253 1349 288 lV
1385 254 1464 299 631,
1505 255 1557 291 15.
1595 255 1674 301 632,
1714 256 1766 292 14.
1805 256 1859 292 22.

1148 309 1329 356 sapidam
1386 323 1469 347 eam
1523 314 1656 349 vocari
1712 314 1866 359 scripsit

1147 368 1203 413 A.,
1234 373 1288 414 ut,
1321 381 1419 415 quae
1449 380 1599 407 sursum
1630 376 1770 416 essent,
1803 382 1861 407 sa-

1149 431 1257 470 peret
1285 427 1337 463 IV
1364 428 1444 473 632,
1469 428 1525 464 30.

347 488 550 528 acceptum
599 484 672 520 deo
720 483 901 528 reddidit,
961 483 1062 529 quia,
1101 484 1406 528 sapientia:
1456 485 1556 528 Quid
1593 491 1651 523 est
1686 486 1861 523 Christus

348 552 434 578 cum
471 545 661 587 posceret,
698 541 808 577 vovit
846 541 901 576 III
938 542 993 587 74,
1029 542 1061 577 5.

348 604 502 636 constat
541 598 782 636 Samuhelem
824 600 1061 645 incorpore

347 657 466 695 fuisse
503 658 641 703 visum,
679 657 834 703 quando
870 657 1063 694 excitatus

348 719 407 751 est
431 719 588 760 petente
615 714 706 751 Saul
731 715 786 750 III
810 716 889 760 492,
916 716 969 751 17.

301 771 325 808 S
341 783 364 808 a
378 783 403 808 n
417 783 440 808 a
453 784 489 808 m
504 783 524 808 e
538 784 574 808 m
643 773 792 817 Iunoni,
862 773 1066 818 Minervae,

346 831 490 867 Veneri
527 831 746 877 Vestaeque
785 832 973 876 praeferri
1009 832 1063 867 in-

347 889 609 935 dignabantur
642 890 787 935 pagani
822 889 839 924 1
871 890 927 935 37,
962 889 1015 925 19.

300 947 723 983 sanctificatio:
777 948 953 993 quaestio
993 951 1062 992 est,

347 1009 473 1041 utrum
503 1005 676 1042 homines
704 1006 828 1041 adhuc
857 1006 959 1042 intra
986 1017 1062 1041 ma-

346 1067 459 1099 terna
496 1063 649 1100 viscera
686 1064 887 1100 constituti
925 1063 1062 1100 donari

347 1121 500 1166 possint
530 1132 651 1158 necne
685 1122 814 1168 aliquo
848 1121 1063 1158 sanctifica-

347 1180 465 1215 tionis
490 1179 620 1224 m0d03
647 1185 778 1216 tamen
804 1180 871 1215 illa
896 1180 1063 1216 sanctifi-

348 1237 461 1283 catio,
491 1249 567 1284 qua
598 1237 785 1274 efficimur
814 1238 961 1282 templa
988 1238 1062 1282 dei,

348 1306 425 1331 non
455 1300 514 1332 est
544 1296 619 1332 nisi
649 1301 870 1332 renatorum
900 1296 954 1331 IV
984 1296 1062 1340 110,

346 1354 471 1390 5—14.
531 1354 788 1390 sanctificatio
834 1354 1063 1399 Hieremiae,

347 1423 580 1459 quamquam
616 1412 791 1448 nonnulli
826 1413 898 1448 hoc
932 1413 973 1448 in
1005 1416 1063 1458 ty-

347 1480 438 1514 pum
465 1470 673 1507 salvatoris
700 1470 907 1516 accipiant,
933 1475 1063 1506 tamen

349 1533 479 1573 potest
517 1533 555 1565 et
597 1529 808 1564 secundum
850 1528 1064 1574 praedesti-

347 1587 543 1622 nationem
608 1597 686 1622 non
752 1587 1068 1623 inconvenienter

349 1644 522 1690 intellegi
551 1644 605 1679 IV
636 1645 713 1691 114,
744 1644 797 1681 13.

301 1702 835 1739 sanctimonialibus
903 1702 1063 1739 vivendi

348 1765 560 1806 praecepta
593 1761 661 1797 dat
694 1761 739 1796 A.
774 1760 827 1795 IV
859 1761 938 1806 359,
974 1761 1064 1796 18—

347 1819 426 1864 370,
458 1819 513 1854 14.
542 1818 848 1855 sanctimonialis
879 1830 901 1854 a
928 1819 1063 1856 barba-

347 1877 401 1912 ris
436 1876 554 1913 ducta
587 1881 647 1912 est
677 1881 715 1913 et
748 1886 817 1921 per
850 1877 1063 1913 mirabilem

348 1935 411 1971 dei
450 1935 755 1971 misericordiam
794 1945 879 1970 cum
919 1935 1063 1970 honore

348 2003 490 2038 magno
521 1993 600 2029 suis
630 1993 854 2038 parentibus
884 1993 1063 2028 restituta

350 2050 386 2085 II
423 2051 503 2095 654,
542 2052 574 2086 4.
614 2050 873 2087 subdiaconus
913 2051 1063 2086 Primus

349 2119 435 2144 cum
480 2108 529 2144 ab
573 2118 733 2144 accessu
781 2108 1066 2153 indisciplinato

350 2166 702 2202 sanctimonialium
796 2166 1065 2211 prohiberetur

349 2228 464 2269 atque
509 2224 688 2259 ordinata
731 2227 938 2269 praecepta
979 2234 1067 2259 con-

349 2285 549 2326 temneret,
596 2293 620 2317 a
665 2282 849 2318 clericatu
895 2286 1065 2318 remotus

350 2344 410 2375 est
439 2339 475 2375 II
506 2340 562 2385 28,
594 2340 647 2375 16.

304 2397 328 2433 S
343 2408 366 2433 a
380 2408 404 2442 p
420 2398 469 2433 id
485 2409 524 2442 a,
587 2398 879 2443 religiosissima
942 2398 1065 2443 virgo,

1148 542 1223 577 nisi
1262 542 1324 578 dei
1365 543 1584 587 sapientia?
1636 544 1672 579 II
1712 545 1791 592 569,
1830 547 1861 581 7.

1148 609 1196 635 ex
1225 610 1272 636 ea
1299 600 1503 647 sapientia,
1535 612 1634 647 quae
1663 614 1740 638 una
1769 613 1862 639 vera

1148 662 1217 702 est,
1258 658 1291 693 si
1329 658 1422 704 quid
1460 659 1611 705 habeat,
1648 671 1672 696 a
1709 660 1781 696 deo
1820 671 1861 697 se

1148 715 1370 761 sumpsisse,
1402 726 1480 752 non
1510 727 1535 753 a
1566 727 1606 754 se
1638 728 1862 764 praesump-

1149 773 1246 810 sisse
1285 774 1380 810 dicit
1418 774 1462 810 A.
1502 774 1558 809 III
1597 775 1676 820 435,
1716 775 1774 820 183
1813 787 1861 812 ex

1149 831 1213 867 illo
1293 832 1475 868 thesauro
1551 834 1862 870 mendicabunda

1148 899 1260 933 prece
1323 889 1559 926 cotidianam
1619 901 1659 927 se
1722 891 1861 935 stipem

1147 957 1284 992 rogare
1342 948 1486 994 vixque
1543 948 1752 993 impetrare
1809 948 1862 984 IV

1146 1005 1226 1050 618,
1261 1007 1293 1041 7.
1329 1005 1428 1050 petit
1460 1005 1645 1052 Evodius,
1679 1011 1734 1052 ut,
1768 1011 1862 1054 quot

1146 1063 1271 1099 modis
1308 1064 1503 1109 sapientia
1536 1064 1701 1111 dicatur,
1735 1069 1863 1102 osten-

1147 1121 1215 1157 dat
1250 1121 1323 1157 sibi
1355 1121 1412 1166 A.,
1447 1125 1490 1157 ut
1524 1122 1719 1167 sapientia
1754 1122 1862 1168 deus,

1147 1183 1189 1215 ut
1244 1179 1438 1224 sapientia
1488 1180 1639 1216 animus
1694 1181 1862 1225 sapienS,

1148 1247 1223 1283 quo
1264 1237 1379 1273 modo
1416 1237 1571 1274 dicatur
1610 1243 1654 1274 ut
1691 1238 1770 1284 lux,
1820 1243 1862 1274 ut

1147 1295 1341 1340 sapientia
1354 1294 1553 1332 Beselehel
1567 1299 1639 1332 etc.
1667 1296 1722 1331 III
1736 1297 1816 1341 497,
1831 1297 1862 1332 1.

1102 1353 1264 1389 Sarra
1311 1353 1365 1388 IV
1400 1354 1432 1399 8,
1470 1354 1523 1389 16.
1572 1354 1653 1399 225,
1691 1354 1745 1390 15.
1792 1364 1861 1399 pro

1149 1411 1314 1455 spiritali
1363 1411 1549 1457 figuratur
1597 1411 1633 1446 II
1680 1411 1758 1457 450,
1809 1412 1862 1447 10.

1148 1469 1359 1505 secundum
1404 1469 1593 1515 originem
1640 1470 1768 1506 carnis
1813 1469 1864 1505 ad

1149 1526 1302 1563 Sarram
1337 1526 1482 1572 Iudaei,
1519 1528 1558 1563 id
1594 1532 1652 1564 est
1687 1527 1863 1564 Israheli-

1148 1589 1223 1631 tae,
1261 1585 1311 1621 ad
1347 1585 1453 1631 Agar
1487 1596 1580 1621 vero
1617 1585 1862 1622 Ismahelitae

1148 1643 1358 1688 pertinent3
1390 1644 1599 1679 secundum
1627 1647 1755 1680 autem
1784 1655 1863 1689 my-

1150 1702 1307 1737 sterium
1371 1701 1531 1746 spiritus
1595 1701 1644 1737 ad
1709 1700 1863 1737 Sarram

1149 1758 1368 1804 Christiani,
1409 1759 1459 1795 ad
1498 1759 1602 1805 Agar
1641 1758 1774 1794 Iudaei
1813 1758 1865 1793 IV

1149 1816 1229 1861 227,
1253 1816 1359 1861 8;,cs.
1384 1816 1463 1862 225,
1486 1817 1539 1852 19.
1563 1817 1643 1862 226,
1668 1817 1724 1852 21.
1748 1816 1863 1852 Sarra

1149 1874 1393 1920 significabat
1460 1885 1620 1916 veram,
1660 1874 1862 1910 ecclesiam

1148 1932 1457 1976 persecutionem
1484 1932 1707 1976 patientem,
1734 1942 1864 1977 quam-

1149 1995 1263 2036 q‘uam
1303 1990 1390 2034 ipsa
1428 1990 1627 2035 affligebat
1667 1989 1861 2031 ancillam3

1148 2058 1237 2083 nam
1296 2048 1328 2083 si
1386 2047 1522 2083 melius
1583 2047 1863 2092 cognoscimus,

1148 2106 1272 2152 magis
1320 2105 1386 2141 illa
1430 2106 1732 2151 persequebatur
1779 2104 1863 2139 Sar-

1149 2174 1230 2199 ram
1282 2163 1540 2208 superbiendo
1593 2174 1705 2208 quam
1759 2163 1862 2197 illam

1151 2221 1266 2257 Sarra
1302 2221 1542 2257 col.ercendo
1582 2220 1634 2255 IV
1672 2221 1705 2264 9,
1743 2220 1787 2254 22
1826 2223 1862 2255 et

1149 2279 1265 2315 Sarra
1309 2278 1488 2314 ancillam
1534 2289 1612 2314 non
1657 2277 1864 2314 crudeliter

1151 2337 1297 2382 oderat,
1325 2337 1393 2372 sed
1419 2337 1459 2372 in
1486 2347 1532 2372 ea
1559 2336 1779 2381 superbiam
1805 2345 1863 2371 sa-

1150 2394 1309 2430 lubriter
1337 2394 1542 2430 edomabat
1567 2394 1603 2428 II
1630 2394 1708 2438 450,
1737 2394 1768 2428 7.

351 2455 431 2492 suis
489 2456 666 2491 manibus
725 2456 895 2491 tunicam
955 2454 1065 2490 fratri
1103 2451 1439 2487 Saturninus
1469 2451 1676 2496 episcopus
1707 2451 1745 2486 in
1776 2460 1863 2486 con-

349 2512 563 2551 Timotheo,
637 2514 801 2549 diacono
866 2512 1084 2558 Carthagi-¹
1150 2510 1238 2546 cilio
1289 2509 1587 2555 Carthaginensi
1635 2508 1761 2544 adfuit
1808 2507 1863 2542 111

351 2572 482 2607 nensis
533 2571 731 2616 ecclesiae,
782 2571 939 2617 fecerat,
990 2581 1065 2616 quo
1149 2568 1228 2613 653,
1255 2568 1287 2603 6.

352 2633 503 2664 mortuo
545 2629 715 2664 tunicam
758 2629 801 2664 A.
842 2629 958 2674 misit,
1000 2628 1067 2674 qui
1103 2625 1439 2661 Saturninus
1469 2624 1745 2668 episcopusin
1776 2633 1863 2658 con-

352 2697 436 2722 eam
484 2687 636 2732 accepit
684 2691 733 2731 et,
781 2697 867 2722 cum
915 2687 1066 2722 litteras
1150 2683 1237 2718 cilio
1264 2683 1488 2718 Milevitano
1516 2682 1641 2717 adfuit
1668 2681 1816 2726 111663,
1831 2681 1862 2715 8.

353 2744 633 2780 consolatorias
688 2746 761 2791 (ep.
789 2745 872 2789 263)
923 2745 958 2780 ei
1010 2755 1066 2780 re·
1104 2740 1458 2785 Saturninus,
1502 2750 1621 2775 senex
1663 2738 1862 2774 venerabi-

353 2803 520 2848 scripsit,
552 2813 599 2839 ea
630 2813 669 2844 se
699 2802 844 2839 vestire
876 2803 950 2839 iam
982 2810 1086 2853 coe-1
1149 2799 1208 2844 lis,
1236 2803 1278 2836 ut
1306 2798 1355 2834 ad
1383 2808 1423 2835 se
1451 2797 1602 2834 veniret
1630 2797 1674 2833 A.
1704 2801 1862 2842 exopta-
