2078 3054
898 136 1040 173 Index
1067 137 1113 172 V.

234 249 547 286 Subsanensis
575 250 739 286 ecclesia
766 249 801 284 11
828 249 907 295 228,
934 249 988 285 23.

233 308 532 343 Sufetanae
593 308 765 344 coloniae
825 308 989 343 ductori-

278 365 348 400 bus
385 375 430 400 ac
467 364 701 410 principibus
737 365 798 400 vel
835 365 989 401 seniori-

278 422 348 458 bus
388 423 432 457 A.
471 423 625 468 scripsit
663 434 719 468 ep.
757 423 802 458 50
839 423 886 459 de
925 423 987 458 im-

278 480 378 515 mani
425 481 626 526 sexaginta
671 481 829 516 fratrum
873 481 989 516 caede

279 542 433 583 propter
454 538 619 573 dirutum
645 538 817 574 Herculis
840 538 988 584 signum

279 597 393 630 facta.

233 652 294 687 Su
310 664 344 687 m
361 654 559 689 mensis
593 654 756 689 ecclesia
787 653 838 688 III
869 654 926 697 34,
957 654 988 688 4.

234 711 463 755 Superiu
480 721 496 746 s
522 711 694 746 centurio
722 711 754 746 II
781 712 860 755 410,
888 712 942 746 10.

232 768 583 813 supplicium:
619 779 742 813 poena
773 769 990 803 Donatista-

279 837 372 869 rum,
397 830 508 871 rogat
533 826 587 870 A„
612 829 652 861 ut
676 829 825 871 praeter
849 826 988 871 suppli-

278 884 378 918 cium
408 884 539 918 mortis
571 884 621 918 sit
651 888 688 918 et
719 888 872 928 propter
902 894 987 919 con-

279 941 477 976 scientiam
499 951 605 976 suam
626 945 663 977 et
685 945 839 986 propter
860 942 987 976 catho—

279 999 388 1033 licam
432 999 760 1042 mansuetudinem
803 1010 987 1033 commen-

278 1056 443 1091 dandam
470 1056 522 1091 ΙΙΙ
550 1057 626 1100 150,
655 1057 686 1091 1.

232 1124 247 1147 s
264 1124 286 1148 u
302 1124 318 1148 s
334 1124 352 1149 c
368 1124 387 1149 e
404 1114 480 1159 pti
536 1114 698 1149 hominis
754 1114 989 1159 dispensatio

279 1172 429 1216 proprie
460 1171 536 1207 filio
568 1172 770 1207 tribuenda
800 1175 859 1207 est
889 1171 905 1206 I
935 1172 989 1207 28.

281 1229 337 1273 163
364 1229 409 1270 cf.
436 1229 491 1273 29,
519 1230 573 1264 21.

232 1296 248 1318 s
264 1297 286 1320 u
304 1282 354 1321 s'c
371 1296 389 1320 c
407 1298 429 1331 p
444 1290 456 1321 t
474 1287 519 1321 io
539 1299 546 1320 :
624 1287 669 1322 de
747 1287 989 1332 susceptione

279 1345 441 1379 hominis
468 1345 629 1388 mystica
655 1345 669 1378 Ι
694 1345 747 1388 25,
774 1345 828 1379 25.

233 1412 287 1445 sy
305 1412 337 1435 ιιι
355 1401 412 1435 bo
430 1402 475 1435 lo
511 1403 545 1436 in
581 1402 768 1446 baptismo
801 1413 876 1437 non
912 1404 972 1437 red

277 1458 357 1493 dito
414 1459 505 1503 quid
560 1459 744 1495 acciderit
799 1460 988 1494 archiatro

281 1516 462 1551 Dioscoro
496 1517 546 1550 IV
575 1517 653 1561 482,
684 1518 832 1552 4—483.
862 1520 892 1553 8.

233 1586 247 1605 s
264 1584 286 1617 y
303 1584 336 1607 m
353 1573 414 1618 ph
429 1584 451 1609 o
467 1574 551 1608 nia
567 1584 586 1609 e
602 1585 624 1608 u
641 1585 656 1609 s
709 1585 742 1610 ιι.
797 1575 987 1610 choraula.

233 1639 255 1663 ,κ
271 1643 292 1675 y
311 1642 365 1665 ra
379 1642 396 1665 c
413 1643 437 1666 u
452 1642 468 1665 s
483 1642 503 1666 a
517 1644 539 1667 e
559 1644 565 1666 :
622 1633 722 1676 apud
779 1633 988 1677 Syracusas

280 1693 397 1732 orant,
439 1690 502 1733 qui
546 1690 770 1735 Pelagianas
812 1691 1008 1744 detende-¹

280 1745 371 1780 bant
398 1747 608 1782 sententias
636 1747 686 1781 ΙΙΙ
714 1749 791 1782 4⁴28.
821 1748 872 1782 12.

234 1804 256 1834 >¹
273 1814 296 1847 y
313 1814 353 1837 ra
367 1814 385 1837 c
403 1814 425 1838 u
441 1814 457 1838 s
473 1815 533 1838 an
549 1814 570 1837 u
587 1814 603 1837 s
623 1816 629 1838 ε
667 1805 712 1839 de
749 1804 989 1849 Syracusano

282 1860 492 1904 Hipponem
537 1872 703 1897 remeare
746 1862 796 1896 llI
840 1862 917 1907 448,
958 1864 989 1896 Γ).

236 1920 256 1949 S
275 1930 295 1961 ,x-
315 1919 372 1961 ri,
401 1919 502 1963 quod
533 1919 569 1953 in
598 1920 770 1954 Hebrum
800 1920 991 1955 volumine

281 1976 427 2011 ciceion
485 1977 666 2021 scriptum
725 1981 817 2019 erat,
875 1978 990 2022 vulgo

281 2033 438 2067 ciceiam
466 2033 657 2069 vocabant
688 2035 717 2068 11
746 2035 824 2078 322,
855 2035 907 2069 12.

236 2090 417 2134 >yriat
454 2091 568 2136 longo
606 2095 690 2135 post
727 2096 894 2136 tempore
930 2093 990 2127 lex

284 2148 505 2183 ludaeorum
555 2150 731 2193 apparuit
778 2161 821 2184 ac
871 2150 992 2194 viguit

281 2209 447 2250 angusta
483 2205 614 2250 Syriae
654 2207 806 2250 regione
844 2207 878 2241 II
913 2207 991 2242 551.
1026 2220 1055 2229 ”

281 2262 335 2297 20.
368 2262 500 2307 Syriae
531 2264 685 2298 limitem
717 2264 880 2308 impetus
910 2257 991 2299 bar?

281 2319 458 2355 barorum
493 2322 727 2365 percucurrit
762 2322 813 2356 111
847 2323 926 2365 544.
960 2322 991 2356 2.

237 2377 258 2408 S
274 2388 298 2422 y
315 2388 330 2411 r
346 2378 355 2411 i
371 2388 394 2412 u
410 2388 426 2412 s
464 2388 498 2413 v.
535 2378 786 2423 Pherecydes·

235 2498 244 2525 ι
264 2492 355 2526 abe
372 2492 445 2526 lla
460 2504 476 2527 s
505 2493 701 2536 eburneas,
729 2504 822 2538 quas
849 2475 1009 2528 habuit.¹>

283 2549 324 2584 A.
354 2550 575 2584 Romaniani
605 2551 795 2586 avunculo
825 2562 907 2585 cum
935 2552 990 2585 lit-

283 2607 372 2641 teris
421 2607 523 2641 misit
571 2612 619 2651 et,
668 2608 699 2643 si
747 2618 842 2652 quae
891 2609 1009 2653 apu‹1;

284 2663 384 2697 illum
419 2674 509 2699 suae
543 2669 681 2709 essent,
714 2669 867 2710 propter
899 2666 992 2700 alias

284 2721 532 2757 necessitates
586 2722 656 2757 sibi
709 2726 749 2756 ut
802 2723 991 2757 mitteren-

286 2781 356 2821 tur,
400 2779 535 2822 petivit.
579 2779 591 2813 Ι
633 2780 689 2823 35,
733 2780 786 2814 16.
830 2780 990 2815 tabellae

1693 125 1777 167 323

1070 250 1257 286 eburneae
1317 252 1670 287 mathematicorum
1729 252 1780 287 IV

1070 308 1149 352 584,
1178 308 1231 343 17.

1027 381 1240 417 tabula:
1284 383 1331 419 de
1374 384 1587 428 presbyteri
1629 386 1779 420 nomine

1072 451 1117 474 ex
1151 439 1281 475 tabula
1315 441 1511 477 recitando
1547 442 1579 487 Il
1612 444 1693 487 337,
1728 443 1781 478 12.

1072 508 1209 532 nomen
1247 499 1415 534 Bonifati
1455 500 1667 545 presbyteri
1706 511 1782 535 non

1071 565 1187 591 ausus
1221 559 1280 591 est
1310 556 1354 590 A.
1387 556 1433 592 de
1467 568 1621 593 numero
1656 560 1711 602 (z
1728 562 1781 593 ta-

1071 611 1174 657 bula)
1205 613 1512 658 presbyterorum
1545 615 1606 650 vel
1638 616 1782 660 suppri-

1072 680 1172 705 mere
1206 671 1268 705 vel
1302 671 1426 706 delere
1462 672 1495 706 11
1527 673 1607 710 336.
1643 673 1699 716 193
1735 675 1780 712 (rs.

1071 728 1150 771 330,
1176 729 1209 762 5.
1238 729 1291 762 12.

1025 801 1260 847 Tagaste
1299 803 1314 837 I
1351 804 1407 847 77,
1445 805 1499 839 19.
1537 805 1700 840 earnalis
1737 806 1780 839 A.

1072 861 1195 903 patria
1219 860 1270 895 III
1296 862 1326 905 1,
1352 862 1404 895 17.
1429 861 1461 905 2,
1484 861 1538 897 23.
1563 863 1616 906 13,
1641 863 1672 897 2.
1696 873 1780 898 eum

1071 921 1152 952 tota
1181 917 1318 953 fuisset
1347 919 1384 953 in
1415 923 1521 963 parte
1552 919 1704 964 Donati,
1734 920 1780 954 ad

1074 975 1259 1010 unitatem
1294 976 1521 1011 catholicam
1555 977 1678 1020 legum
1716 978 1779 1012 im-

1072 1034 1267 1077 p'erialinm
1299 1035 1432 1070 timore
1463 1046 1649 1071 conversa
1683 1036 1781 1070 illam

1072 1092 1256 1126 haeresim
1287 1092 1550 1127 detestabatur
1580 1094 1644 1136 ita,
1675 1097 1716 1128 ut
1747 1094 1782 1127 in

1073 1159 1117 1183 ea
1160 1160 1363 1194 numquam
1407 1151 1523 1184 fuisse
1567 1151 1784 1185 crederetur

1073 1207 1106 1240 II
1132 1207 1209 1251 462,
1238 1208 1267 1242 1.

1027 1281 1388 1327 Tagastensis
1430 1284 1593 1318 ecclesia
1631 1284 1664 1317 ΙΙ
1703 1284 1782 1327 347,

1074 1339 1129 1382 123
1167 1340 1403 1385 Tagastense
1440 1341 1711 1376 monasterium
1750 1341 1782 1374 lI

1070 1397 1149 1441 390,
1174 1398 1227 1432 10.
1251 1398 1431 1442 spiritalis
1455 1398 1638 1433 ecclesiae
1661 1399 1780 1443 Taga-

1077 1455 1258 1489 stensium
1284 1456 1414 1490 crebra
1440 1456 1482 1490 A.
1507 1456 1610 1490 dona
1631 1457 1780 1491 nuntia-

1074 1513 1211 1548 bantur
1238 1514 1253 1549 Ι
1281 1515 1357 1559 122,
1385 1515 1436 1549 17.
1463 1515 1587 1549 locum
1614 1515 1776 1559 aliquem

1072 1572 1151 1606 sive
1204 1573 1240 1607 in
1292 1572 1562 1607 Tubursicensi
1613 1573 1693 1608 sive
1745 1573 1782 1607 in

1075 1630 1302 1673 Tagastensi
1358 1631 1400 1665 A.
1455 1632 1664 1676 proposuit..
1719 1632 1782 1667 ubi

1073 1691 1289 1732 susceptam
1323 1699 1406 1723 cum
1441 1689 1622 1724 Fortunio
1658 1690 1783 1734 dispu-

1073 1745 1254 1779 tationem
1284 1747 1458 1790 persequi
1488 1751 1616 1790 posset
1646 1747 1678 1781 lI
1708 1747 1783 1781 121.

1075 1802 1126 1836 15.
1176 1802 1280 1847 plebs
1327 1803 1575 1847 Tagastensis
1622 1804 1667 1839 de
1715 1804 1783 1840 his.

1073 1870 1169 1903 qnae
1223 1860 1381 1895 Albinae
1434 1861 1569 1896 (lomus
1622 1862 1784 1896 contulit

1073 1917 1255 1952 ccclesiae
1284 1918 1522 1963 Tagastensi,
1551 1929 1625 1953 non
1653 1918 1783 1953 habuit

1075 1974 1145 2008 nisi
1175 1975 1356 2018 gaudium
1388 1975 1476 2010 boni
1508 1976 1633 2021 operis
1665 1976 1698 2010 ΙΙ
1730 1976 1783 2010 12.

1073 2032 1130 2073 22,
1161 2033 1206 2073 cf.
1237 2034 1269 2075 4,
1301 2033 1352 2068 13.
1385 2033 1421 2067 in
1452 2044 1569 2068 causa
1601 2034 1782 2068 llonorati

1074 2089 1330 2133 'l'agastenses
1373 2091 1415 2125 A.
1458 2090 1637 2125 tenebant
1681 2090 1781 2125 debi-

1072 2150 1191 2181 torem
1212 2147 1247 2181 in
1269 2147 1423 2183 dimidio
1446 2148 1555 2193 pretii
1576 2148 1608 2182 ΙΙ
1628 2149 1707 2192 391,
1728 2148 1782 2182 24.

1037 2220 1044 2252 l
1071 2231 1091 2253 a
1106 2231 1130 2264 g
1145 2221 1254 2256 etio
1269 2232 1292 2256 a
1316 2223 1390 2265 (sic
1414 2224 1514 2256 enim
1540 2223 1783 2257 scribendum

1074 2282 1149 2319 est)
1182 2284 1383 2323 praecepta
1417 2280 1466 2313 lV
1497 2280 1577 2323 519,
1609 2281 1662 2314 14.

1027 2352 1056 2385 Τ
1071 2363 1094 2386 a
1107 2363 1131 2395 g
1145 2364 1165 2387 o
1183 2363 1204 2386 n
1220 2364 1239 2387 e
1254 2364 1279 2387 n
1294 2354 1334 2388 si
1351 2364 1367 2387 s
1396 2364 1429 2388 v.
1458 2353 1710 2398 Xanthippus.

1027 2427 1210 2462 Talari
1249 2428 1385 2463 finibus
1423 2428 1586 2463 Dodona
1621 2428 1782 2464 abscidit

1076 2484 1259 2520 Molossos
1285 2485 1301 2520 1
1325 2486 1381 2530 94,
1406 2486 1437 2520 2.

1007 2553 1092 2587 2'1'a
1107 2564 1139 2586 m
1157 2563 1179 2586 ιι
1194 2554 1291 2597 gad
1307 2564 1396 2589 ens
1413 2554 1454 2589 is
1482 2555 1685 2598 episcopus
1713 2554 1783 2598 Op-

1075 2615 1176 2646 tatus
1206 2611 1238 2645 II
1266 2612 1344 2646 401.
1375 2612 1428 2645 21.
1457 2612 1535 2655 616,
1568 2613 1619 2647 18.
1649 2612 1783 2646 Tamu-

1073 2667 1304 2709 gadensibus
1333 2670 1402 2703 hoc
1432 2668 1568 2704 debere
1600 2669 1782 2713 praestari

1077 2725 1225 2759 censuit
1268 2726 1323 2769 A„
1365 2729 1404 2759 ut
1450 2726 1565 2760 fallax
1608 2726 1782 2760 doctrina

1077 2782 1224 2826 Donati,
1251 2793 1273 2817 a
1299 2792 1372 2827 quo
1401 2782 1691 2825 seducebantur,
1719 2783 1782 2817 uli—

1509 2850 1573 2884 ει*
