2078 3054
912 140 1054 177 Index
1082 141 1126 176 V.

1718 126 1801 169 245

293 269 364 302 que
395 262 484 292 tunc
518 256 768 292 detestandas
797 256 831 291 lI
861 256 940 300 305,
971 255 1003 291 6.
1041 255 1219 291 Iudam
1260 256 1452 291 diabolum
1492 256 1667 292 Christus
1706 255 1798 291 tole.-

292 316 370 359 368,
399 317 431 350 3.
459 315 537 359 369,
568 316 620 350 17.

340 373 607 426 Unusquisque
636 372 877 408 Christianus
905 372 1003 407 sicut

294 443 367 466 non
408 431 573 466 carnalis
612 431 679 466 sed
719 430 904 474 spiritalis
945 434 1003 464 est

293 489 468 524 Abrahae
505 488 604 523 filius
640 488 695 523 ita
728 498 803 523 non
837 487 1003 522 carnalis

292 547 358 582 sed
401 546 586 590 spiritalis
626 546 791 581 Iudaeus
831 545 884 579 IV
924 545 1003 589 224,

290 605 345 639 22.
403 604 646 639 Christianus
703 608 828 638 utrum
887 603 1002 638 etiam

292 662 456 697 iudaeus
511 662 697 697 dicendus
753 661 812 706 sit,
866 660 1002 696 merito

292 721 423 765 quaeri
456 720 550 755 dicit
586 719 628 755 A.
662 719 713 753 IV
746 719 824 763 221,
857 719 912 754 21.
943 719 1001 761 27;

293 789 366 812 non
408 782 535 813 tamen
577 778 758 813 debemus
800 781 1002 812 consuetu-

290 836 417 872 dinem
448 835 635 871 sermonis
663 835 817 870 humani
845 834 1003 869 confun-

293 893 380 928 dere
413 893 465 927 IV
496 894 573 937 227,
605 893 660 928 21.
690 893 769 937 230,
799 893 853 927 24.
886 896 923 927 et
954 902 1001 927 ex

292 951 444 986 ludaeis
474 956 512 986 et
543 962 590 986 ex
624 951 814 996 gentibus,
847 951 911 995 qui
947 960 1003 985 se-

291 1009 455 1044 cundum
481 1010 722 1053 propositum
748 1009 877 1043 vocati
902 1011 1002 1051 sunt,

292 1067 363 1110 ipsi
393 1066 522 1101 verius
550 1071 638 1101 sunt
667 1066 811 1101 Israhel
840 1066 894 1100 III
922 1066 1021 1115 365,-¹

293 1125 343 1159 13.
394 1125 518 1168 Aptus
553 1135 592 1159 se
628 1123 783 1159 volebat
817 1123 1001 1159 Iudaeum

290 1189 325 1218 et
362 1182 602 1218 Israhelitam
637 1182 801 1217 vocitari
837 1181 889 1216 IV
923 1181 1001 1225 229,

291 1242 344 1275 21.
373 1241 451 1285 230,
479 1241 510 1274 4.
536 1240 825 1283 praedicatores
853 1240 1022 1284 gratiaee

290 1298 529 1333 Christianos
602 1297 735 1332 Iudaei
806 1273 1022 1362 tamquam}

291 1357 419 1391 hostes
460 1355 556 1400 legis
596 1355 925 1400 persequebantur
966 1354 1001 1389 II

291 1414 343 1450 76.
371 1414 402 1448 5.
427 1413 657 1448 Philastrius
682 1413 818 1448 librum
846 1413 1002 1458 scripsit

290 1472 336 1506 (le
367 1472 588 1507 haeresibus
620 1482 687 1507 nec
720 1471 804 1505 illas
834 1475 1002 1515 praeter-

291 1529 457 1574 mittens,
488 1539 585 1574 quae
616 1530 653 1564 in
683 1529 826 1572 populo
859 1529 1000 1563 Iudaeo

292 1587 445 1622 fuerunt
481 1591 570 1622 ante
609 1586 752 1621 domini
791 1587 1000 1622 adventum

292 1645 343 1678 lv
389 1645 467 1688 446,
518 1645 569 1680 13.
616 1644 760 1679 Iudaea
807 1655 901 1689 gens
949 1644 1002 1678 IV

290 1702 368 1746 321,
395 1703 427 1737 4.

246 1762 506 1798 Iudaicus
548 1762 712 1807 populus
755 1762 788 1796 II
829 1763 907 1799 311.
947 1762 1001 1796 10.

293 1820 476 1864 Iosephus
518 1820 710 1856 Iudaicam
755 1820 909 1864 scripsit
949 1819 1002 1854 hi-

292 1878 448 1913 storiam
475 1879 525 1912 IV
553 1878 630 1913 270.
659 1878 711 1912 17.
737 1878 1000 1913 caeremoniae

292 1936 469 1970 Iudaicaz⁴
499 1935 534 1970 II
562 1936 725 1978 369s1f3.
754 1935 814 1970 lex
844 1934 1002 1970 Iudaica

292 1993 326 2027 11
355 1993 433 2031 551,
465 1994 514 2028 19.

247 2051 479 2086 ludaism
499 2062 552 2086 us
584 2051 637 2085 III
666 2052 743 2095 373,
775 2052 828 2086 11.
855 2051 1002 2086 Iudais-

291 2110 339 2144 mi
375 2110 529 2145 umbrae
564 2109 617 2143 IlI
650 2109 729 2153 372,
765 2110 794 2144 1.
828 2109 1001 2154 quisquis

290 2178 312 2201 a
359 2167 505 2202 carnali
550 2167 743 2202 Iudaismo
789 2177 873 2202 esse
918 2166 1001 2201 vult

291 2225 450 2268 alienus,
487 2225 578 2270 quid
616 2225 741 2260 facere
776 2225 914 2260 debeat
950 2224 1000 2258 lV

291 2283 370 2322 221,
410 2282 439 2317 1.
478 2282 625 2317 Raxius
664 2282 822 2317 multum
865 2283 901 2317 in
943 2282 1000 2316 Iu-

292 2340 439 2374 daismo
495 2340 657 2383 profecit
712 2340 763 2374 IV
813 2340 892 2382 321,
948 2340 1000 2374 10.

290 2397 439 2432 litteras
494 2397 541 2432 de
599 2397 761 2432 cavendi
818 2396 1000 2431 Iudaismi

290 2455 572 2498 disceptatione
605 2455 792 2490 Asellicus
821 2455 923 2490 misit
952 2455 1000 2489 ad

291 2511 548 2547 Donatianum
583 2512 634 2546 IV
663 2512 741 2556 216,
772 2513 804 2547 6.

245 2571 551 2606 iudaizare:
589 2571 713 2615 Aptus
748 2572 902 2618 quidam
937 2572 1002 2606 (lo-

292 2630 402 2664 cebat
440 2629 633 2665 iudaizare
672 2629 911 2664 Christianos
950 2629 1001 2663 IV

292 2687 369 2729 229,
415 2687 470 2722 21.
519 2697 595 2722 non
646 2687 798 2732 quidem
849 2687 1001 2722 nomine
1041 2681 1292 2716 lulianus
1340 2680 1559 2724 imperat0¹÷

293 2744 359 2778 sed
391 2749 517 2779 tamen
550 2755 678 2779 errore
712 2745 903 2780 iudaizare
935 2744 1001 2780 Pe-

294 2801 468 2846 lagianos
495 2802 549 2837 ait
576 2802 618 2837 A.
646 2802 697 2836 IV
725 2802 802 2846 220,
829 2802 883 2837 23.

1089 314 1198 349 rabat
1237 319 1274 349 et
1314 314 1477 358 primum
1518 317 1798 350 sacramentum

1089 372 1262 416 corporis
1302 377 1338 407 et
1377 372 1577 417 sanguinis
1613 372 1671 407 sui
1708 383 1799 407 non-

1088 430 1178 465 dum
1229 429 1293 465 illo
1342 430 1499 465 excluso
1550 430 1800 464 communiter

1089 487 1264 522 omnibus
1301 487 1408 522 dedit
1446 487 1481 521 II
1519 488 1595 531 105,
1631 487 1686 522 22.
1724 488 1800 524 117.

1090 545 1144 580 17.
1173 545 1253 589 460,
1285 545 1338 580 11.
1370 545 1536 589 apostoli
1568 545 1799 589 permixtum

1090 603 1160 638 sibi
1199 603 1392 638 diabolum
1431 603 1563 638 Iudam
1603 614 1723 648 usque
1763 603 1800 637 in

1089 661 1201 696 finem
1237 661 1318 697 sine
1354 661 1433 696 ulla
1470 661 1529 696 sui
1565 661 1800 696 contamina-

1090 719 1194 754 tione
1234 718 1447 755 tolerarunt
1489 718 1524 753 11
1562 719 1641 763 620,
1681 719 1717 754 2.-
1753 719 1798 759 cf.

1088 777 1168 821 344,
1196 776 1249 811 11.

1043 857 1121 892 Iul
1138 857 1148 891 i
1164 868 1223 892 an
1239 868 1277 901 a,
1308 857 1566 892 Demetriadis
1597 862 1717 892 mater
1750 856 1800 890 IV

1091 915 1168 957 124,
1203 915 1234 950 8.
1272 915 1347 959 128,
1385 916 1414 949 7.
1452 915 1529 960 130,
1566 915 1618 950 11.
1655 915 1697 949 A.
1733 924 1800 958 per

1088 973 1237 1008 litteras
1283 973 1484 1008 certiorem
1532 973 1622 1008 fecit
1668 972 1800 1007 Deme-

1088 1031 1250 1066 triadem
1296 1031 1589 1065 sanctimoniam
1632 1030 1800 1072 virgina-

1089 1089 1161 1124 lem
1193 1099 1275 1123 esse
1308 1089 1521 1132 professam
1552 1087 1607 1122 III
1636 1088 1715 1131 380,
1748 1089 1799 1122 17.

1089 1157 1166 1191 qua
1195 1158 1233 1181 re
1263 1146 1305 1181 A.
1335 1156 1394 1191 ep.
1426 1147 1490 1181 150
1521 1148 1553 1182 ei
1584 1152 1643 1182 est
1672 1151 1800 1189 ‹gratu-

1087 1204 1200 1239 latuS.
1245 1216 1357 1249 quam
1404 1215 1487 1239 cum
1536 1205 1578 1240 A.
1626 1204 1800 1239 hortatus

1090 1266 1202 1301 esset,
1246 1273 1292 1298 ne
1335 1273 1449 1297 aures
1491 1263 1692 1306 praeberet
1737 1262 1799 1296 ho-

1087 1320 1265 1361 minibus,
1302 1321 1366 1365 qui
1403 1320 1534 1364 pravis
1572 1321 1799 1355 tractatibus

1087 1378 1315 1413 catholicam
1353 1378 1463 1413 fidem
1500 1384 1800 1421 corrumperent,

1087 1436 1235 1481 gratias
1263 1436 1298 1471 ei
1328 1436 1408 1481 egit
1438 1437 1654 1480 adiungens
1686 1447 1724 1471 se
1756 1446 1798 1470 ac

1087 1494 1242 1530 domum
1284 1504 1390 1529 suam
1432 1494 1529 1529 adeo
1571 1494 1797 1528 catholicam

1088 1552 1195 1597 sequi
1230 1551 1353 1589 fidem.
1387 1556 1425 1587 ut
1462 1552 1500 1586 in
1536 1551 1678 1586 nullam
1715 1552 1800 1586 hae-

1088 1611 1200 1645 resim
1235 1620 1414 1655 umquam
1449 1610 1714 1645 deviavissent
1750 1609 1800 1642 lV

1090 1668 1166 1711 120,
1196 1668 1251 1703 24.
1282 1668 1358 1704 121.
1385 1668 1420 1704 3:
1451 1669 1497 1709 cs.
1530 1668 1605 1711 119,
1638 1668 1690 1702 11.
1720 1672 1797 1701 tum

1088 1736 1146 1770 ep.
1183 1726 1249 1761 188
1285 1725 1448 1770 Alypius
1485 1731 1523 1760 et
1559 1726 1601 1760 A.
1640 1726 1799 1768 rescrip-

1089 1788 1231 1825 serunt,
1278 1794 1354 1828 qua
1398 1788 1555 1819 matrem
1602 1787 1640 1818 et.
1684 1783 1797 1817 filiam

1088 1842 1305 1885 monebant,
1336 1846 1378 1877 ut.
1407 1842 1595 1876 haeresim
1627 1841 1799 1884 Pelagia-

1088 1910 1175 1934 nam
1204 1904 1396 1934 caverent.
1425 1899 1506 1933 eius
1533 1899 1636 1933 modi
1663 1899 1797 1933 librum

1088 1957 1169 1992 sine
1218 1957 1370 1992 nomine
1417 1957 1465 1991 ad
1515 1956 1797 1992 Demetriadem

1088 2014 1271 2058 scriptum
1309 2025 1391 2049 cum
1427 2014 1623 2058 legissent,
1660 2025 1706 2049 ex
1742 2014 1800 2048 Iu-

1087 2072 1191 2107 liana
1253 2073 1560 2116 sciscitabantur,
1623 2072 1797 2117 quisnam

1088 2141 1173 2165 eum
1212 2130 1439 2166 confecisset
1481 2130 1541 2165 vel
1583 2134 1709 2165 utrum
1750 2130 1796 2164 ml

1088 2199 1153 2223 eas
1182 2188 1422 2231 pervenisset
1450 2187 1502 2222 IV
1531 2188 1607 2224 122.
1638 2188 1690 2222 11.
1724 2188 1798 2221 130.

1089 2246 1142 2280 11.
1186 2246 1411 2291 cogitabant
1452 2250 1578 2280 autem
1623 2246 1669 2280 dc
1714 2245 1798 2288 ipso

1088 2303 1244 2347 Pelagio
1294 2303 1346 2337 IV
1397 2304 1473 2342 130,
1524 2302 1577 2338 13.
1627 2302 1797 2340 Iulianae

1087 2361 1239 2396 domum
1302 2372 1377 2396 non
1436 2371 1595 2404 parvam
1657 2361 1798 2395 Christi

1087 2419 1287 2454 ecclesiam
1320 2430 1358 2454 se
1387 2419 1574 2462 deputare
1598 2418 1796 2454 declarant

1089 2481 1140 2515 IV
1173 2481 1248 2523 121,
1280 2481 1333 2515 11.
1365 2481 1407 2515 A.
1437 2491 1519 2516 eam
1551 2490 1618 2523 per
1648 2480 1797 2515 litteras

1087 2542 1262 2586 primum,
1314 2542 1452 2577 deinde
1505 2542 1620 2577 etiam
1673 2542 1794 2585 ipsam

1087 2606 1329 2646 praesentem
1355 2602 1535 2646 cognovit
1563 2601 1613 2635 IV
1641 2601 1718 2645 119,
1744 2601 1796 2634 18.

1617 2682 1797 2723 apostata

1088 2740 1124 2774 II
1162 2741 1239 2783 456,
1281 2740 1336 2775 20.
1377 2740 1456 2784 602,
1499 2741 1553 2775 23.
1608 2739 1793 2774 idolorum

1088 2810 1222 2835 servus
1258 2799 1291 2834 II
1326 2800 1404 2844 603,
1441 2799 1494 2834 12.
1531 2799 1669 2833 Iuliani
1705 2803 1794 2834 tem-
