2078 3054
896 138 1004 175 Inde

231 255 463 290 Rufinus
502 255 707 298 episcopus
747 255 783 289 in
822 252 984 288 concilio

279 312 500 348 Milevitano
532 312 653 346 adfuit
688 311 741 345 111
772 311 850 354 664,
879 311 910 345 2.

230 369 463 404 Rufinus
511 373 549 404 et
595 369 852 413 Hieronymus
899 378 985 402 con-

277 427 505 462 iunctissimi
540 431 578 462 et
614 425 901 460 familiarissimi
937 424 985 459 ad

278 484 552 527 scripturarum
597 489 814 518 sanctarum
859 483 985 518 studia

276 542 421 585 pariter
460 541 729 576 incumbebant
767 541 800 575 II
838 541 916 584 273,
949 541 984 581 33

277 599 324 639 cs.
355 599 434 642 270,
465 600 496 633 4.
528 604 687 644 uterque
718 598 876 633 abiectis
910 608 986 632 sar-

277 656 373 691 cinis
403 656 662 691 saecularibus
691 656 895 700 expeditus
922 656 987 690 do-

277 714 418 748 minum
453 714 683 758 sequebatur
715 718 750 749 et
786 714 822 748 in
856 713 987 747 Palae-

279 771 379 806 sti1.a
416 771 572 806 vivebat
611 771 721 806 simul
771 771 803 804 II
840 771 917 814 273,
956 772 985 805 7.

278 829 346 864 sed
385 839 547 873 magnae
589 829 687 863 inter
727 839 792 863 eos
829 833 986 863 exortae

279 890 368 921 sunt
391 886 607 921 discordiae
634 886 666 919 11
693 887 769 929 271,
794 886 825 920 3.
851 886 928 929 273,
954 886 986 928 5,

278 954 362 978 cum
402 944 475 978 viri
515 948 643 978 essent
681 948 808 978 aetate
847 943 986 977 maturi

278 1001 355 1042 273,
395 1001 447 1035 10.
494 1000 671 1036 Rufinum
710 1002 761 1035 ait
802 1000 986 1045 Hierony-

278 1069 361 1093 mus
386 1058 560 1093 amicum.
584 1059 646 1103 qui
673 1070 711 1093 se
740 1058 884 1102 primus
909 1057 986 1101 gla-

277 1116 340 1150 dio
392 1116 605 1159 petivisset.
656 1115 743 1150 stilo
793 1115 986 1159 repulsum

279 1184 361 1208 esse
396 1173 430 1207 ΙΙ
463 1174 542 1218 351,
576 1175 607 1208 6.
645 1174 696 1208 19.
731 1173 879 1208 misisse
916 1172 986 1207 sibi

278 1242 362 1266 eum
394 1232 608 1266 temeritate
641 1231 752 1265 solita
784 1230 988 1265 maledicta

279 1299 358 1331 sua,
397 1300 493 1333 quae
536 1289 582 1323 ad
626 1289 793 1323 Africam
837 1298 986 1332 quoque

279 1346 406 1380 studio
457 1346 537 1380 eius
586 1346 804 1384 dicerentur
855 1355 987 1389 perve-

279 1403 392 1437 nisse.
417 1403 465 1437 ad
492 1414 588 1447 quae
613 1403 781 1438 breviter
806 1414 852 1438 ex
877 1408 986 1447 parte

279 1470 318 1494 se
348 1461 593 1503 respondisse
622 1466 658 1496 et
688 1461 803 1495 libelli
832 1461 914 1496 eius
945 1460 986 1494 A.

278 1518 426 1552 misisse
467 1519 682 1561 exemplum
723 1519 837 1553 latius
878 1528 986 1562 opus,

279 1585 362 1609 cum
397 1579 651 1619 opportunum
687 1576 834 1619 fuisset,
871 1576 989 1620 primo

278 1632 479 1667 missurum
529 1638 699 1676 tempore
745 1632 779 1666 II
827 1633 903 1668 243.
953 1633 986 1675 1;

279 1691 324 1728 cf.
362 1690 440 1725 270.
480 1691 508 1724 1.
548 1690 597 1724 lll
637 1691 713 1726 542.
754 1691 805 1724 15.
842 1690 918 1733 567,
955 1691 985 1724 5.

280 1747 316 1781 id
344 1752 491 1782 tantum
522 1759 559 1781 se
590 1748 727 1791 egisse.
755 1753 793 1782 ut
823 1748 987 1782 deliran-

279 1805 326 1838 tis
360 1804 522 1839 hominis
558 1805 712 1848 inperiti
747 1805 986 1840 mendacium

279 1872 321 1895 ac
352 1862 570 1897 vecordiam
602 1862 817 1897 confutaret
847 1862 879 1896 ΙΙ
909 1862 987 1906 243,

279 1919 311 1952 6.
358 1919 515 1953 Rufinus
562 1920 726 1954 libellum
774 1920 990 1954 Anastasio.

280 1976 461 2019 episcopo
528 1977 723 2012 Romanae
791 1977 987 2019 ecclesiae.

280 2033 398 2077 dedit.
423 2035 459 2069 in
486 2045 560 2078 quo
586 2034 729 2069 lubrica
754 2040 789 2069 et
816 2035 987 2078 subdola,

280 2091 392 2124 immo
439 2091 556 2126 stulta
600 2092 840 2126 confessione
897 2102 987 2127 suae

280 2148 379 2184 tidei.
414 2149 526 2182 immo
559 2149 740 2192 perfidiae
775 2160 857 2183 eum
894 2149 988 2183 inlu-

281 2205 374 2240 sisse
410 2205 664 2250 Hieronymus
697 2207 787 2241 dicit
823 2207 875 2240 lll
910 2207 988 2251 543,

283 2264 310 2297 1.
350 2263 490 2297 multas
529 2263 638 2297 liuius
678 2264 761 2298 libri
801 2264 987 2298 adversus

281 2331 319 2355 se
369 2320 579 2355 calumnias
631 2320 884 2365 Hieronymus
935 2332 989 2355 rc-

281 2378 441 2420 spuebat
504 2378 539 2412 in
599 2379 794 2421 opusculis
855 2383 988 2412 contra

282 2434 385 2469 illum
420 2435 533 2469 editis
569 2435 619 2469 III
655 2437 733 2473 543.
766 2437 799 2470 5:
837 2436 987 2470 nomine

283 2492 442 2527 ridiculo
486 2504 568 2527 cum
612 2493 787 2536 designat
832 2493 1008 2536 walpur-i

282 2549 384 2584 nium
457 2555 711 2593 cognomento
784 2539 1008 2602 Lanarium}

281 2606 482 2649 appellans
515 2607 548 2640 ll
581 2608 658 2650 243,
695 2608 722 2641 1.
757 2607 797 2642 A.
830 2607 1008 2649 multum}

281 2663 404 2699 doluit
438 2664 536 2698 inter
573 2669 648 2699 tam
687 2675 794 2699 caras
830 2657 1009 2714 familia-l

282 2731 417 2765 resque
457 2731 641 2764 personas
680 2722 827 2756 cunctis
867 2719 1009 2765 paene'

282 2775 453 2814 ecclesiis
526 2779 725 2814 notissimo
797 2779 988 2814 amicitiae

1015 150 1038 174 x
1064 139 1109 175 V.
1694 129 1776 169 311

1070 253 1223 288 vinculo
1267 255 1467 298 copulatas
1511 261 1656 291 tantum
1702 266 1777 291 ma-

1069 311 1144 346 lum
1178 312 1351 346 extitisse
1383 313 1598 348 discordiae
1634 313 1665 347 11
1700 314 1777 348 270.

1070 369 1101 402 4.
1136 368 1214 403 271.
1247 371 1280 403 3.
1314 370 1392 404 352.
1426 371 1446 404 3
1482 374 1516 404 ct
1552 374 1594 404 ut
1627 371 1663 405 in
1697 382 1780 415 gra-

1069 425 1160 460 tiam
1195 436 1260 460 eos
1297 427 1572 471 reconciliaret,
1607 428 1777 463 studiose

1071 493 1226 526 operam
1251 483 1366 519 dabat
1392 484 1425 518 II
1449 485 1526 528 270,
1551 485 1699 529 6—274,
1725 486 1778 520 10.

1026 544 1256 580 Rufinus
1302 547 1487 581 diaconus
1531 557 1590 592 ep.
1624 548 1690 581 149
1732 547 1779 582 ab

1070 603 1114 638 Α.
1162 604 1211 638 ad
1262 604 1462 639 Paulinum
1512 605 1777 648 perferendam

1071 661 1220 704 accepit
1250 661 1304 695 III
1331 662 1410 706 348,
1436 662 1467 696 9.

1025 723 1212 758 Rufini
1242 724 1299 759 bis
1328 725 1496 759 consulis
1525 727 1674 770 argenti
1704 726 1779 760 cul-

1071 785 1131 816 tus
1178 782 1308 817 decem
1355 782 1496 827 pondo,
1541 783 1643 828 quod
1689 788 1777 818 tunc

1071 849 1207 874 severa
1233 849 1395 874 censura
1417 840 1582 883 amplius
1607 851 1779 876 resecan-

1072 897 1161 931 dum
1189 897 1376 932 iudicavit
1400 897 1435 931 II
1462 898 1540 943 586,
1565 899 1596 932 7.

1025 958 1275 1003 Rufinus,
1316 960 1502 995 Cirtensis
1544 960 1780 1004 principalis,

1070 1017 1117 1052 ab
1154 1017 1197 1051 A.
1233 1018 1522 1053 commendatus
1560 1017 1780 1053 Marcellino

1072 1073 1125 1108 III
1165 1075 1240 1118 154,
1281 1075 1332 1109 10.

1026 1137 1055 1170 R
1072 1149 1094 1172 u
1111 1138 1185 1171 sic
1202 1148 1224 1172 a
1240 1149 1256 1171 z
1273 1149 1291 1172 e
1308 1149 1331 1172 ιι
1347 1138 1421 1172 sis
1463 1139 1667 1182 episcopus
1708 1137 1780 1172 Do-

1071 1195 1216 1230 natista
1250 1205 1334 1230 cum
1368 1195 1493 1230 Firmo
1528 1200 1664 1239 pactus
1699 1205 1780 1240 per-

1071 1252 1270 1288 hibebatur
1333 1253 1633 1288 incolumitatem
1697 1264 1781 1288 suo-

1074 1321 1165 1346 rum.
1193 1314 1235 1344 ut,
1262 1310 1294 1345 ei
1323 1313 1454 1354 portae
1482 1311 1719 1354 aperirentur
1747 1315 1785 1345 et

1072 1367 1110 1401 in
1144 1368 1402 1403 vastationem
1435 1368 1618 1403 darentur
1654 1368 1782 1403 catho-

1071 1425 1135 1461 lici
1165 1424 1200 1458 ΙΙ
1229 1425 1307 1460 406.
1341 1426 1392 1460 14.

1026 1487 1388 1523 Rusticianus
1462 1489 1667 1532 episcopus
1743 1487 1779 1522 in

1072 1546 1233 1580 concilio
1298 1546 1594 1591 Carthaginensi
1657 1545 1780 1580 adfuit

1072 1602 1126 1636 III
1153 1603 1231 1647 652,
1258 1604 1288 1638 3.

1025 1665 1054 1699 R
1072 1677 1094 1700 u
1110 1676 1126 1700 s
1142 1670 1155 1700 t
1171 1666 1181 1700 i
1197 1676 1215 1700 c
1231 1666 1241 1700 i
1257 1677 1277 1700 a
1294 1678 1316 1701 n
1333 1678 1354 1701 u
1371 1678 1386 1700 s
1432 1667 1690 1701 subdiaconus
1734 1667 1780 1700 dc

1072 1733 1165 1769 agro
1209 1728 1365 1767 propter
1410 1734 1612 1767 perversos
1656 1734 1780 1758 mores

1072 1781 1424 1816 excommunicatus
1478 1792 1500 1816 a
1556 1782 1780 1826 presbytero

1076 1848 1156 1881 sue,
1211 1839 1411 1873 multorum
1466 1838 1580 1873 etiam
1635 1838 1783 1873 debitor

1076 1895 1200 1930 factus
1253 1896 1359 1931 aliud
1412 1896 1645 1940 praesidium
1703 1906 1779 1930 non

1073 1953 1275 1998 quaesivit,
1307 1954 1379 1988 nisi
1408 1958 1447 1989 ut
1479 1954 1526 1988 ad
1556 1953 1781 1988 Donatistas

1073 2011 1263 2046 transiens
1298 2011 1600 2055 rebaptizaretur
1635 2011 1669 2045 II
1702 2011 1781 2054 632,

1073 2068 1130 2111 24·,
1165 2068 1210 2109 cl.
1245 2069 1321 2111 610,
1356 2069 1409 2102 18.
1442 2069 1520 2111 611.
1553 2068 1607 2103 21.
1638 2068 1716 2106 612.
1749 2068 1780 2102 8.

1074 2135 1160 2169 epp.
1205 2126 1270 2160 106
1323 2131 1357 2160 ct
1416 2126 1480 2159 108
1532 2126 1613 2160 cius
1665 2136 1781 2160 causa

1074 2183 1239 2226 scriptae
1276 2188 1365 2218 sunt
1397 2183 1431 2217 ΙΙ
1466 2184 1545 2228 632,
1579 2184 1633 2217 24.

1016 2245 1286 2290 *Rusticus
1333 2256 1470 2281 nomen
1517 2250 1574 2280 cst
1619 2245 1779 2279 duorum

1073 2303 1352 2347 episcoporum,
1407 2304 1471 2348 qui
1526 2303 1565 2337 in
1619 2302 1782 2337 coneilio

1073 2360 1367 2405 Carthaginensi
1393 2361 1597 2396 adfuerunt
1626 2359 1678 2393 llI
1703 2360 1781 2394 652.

1072 2419 1104 2453 6.
1133 2418 1210 2462 653,
1239 2419 1270 2453 3.

1027 2480 1289 2516 Rusticus
1370 2481 1570 2525 presbyter
1646 2479 1780 2521 adfuit,

1073 2549 1156 2572 cum
1206 2539 1247 2573 A.
1295 2548 1553 2573 successorem
1602 2538 1672 2571 sibi
1719 2537 1781 2571 dc-

1074 2596 1249 2641 signabat
1284 2595 1335 2629 IV
1367 2595 1447 2639 373,
1479 2596 1510 2630 3.

1026 2663 1305 2700 Rusticus.
1357 2664 1406 2699 ad
1444 2674 1555 2708 quem
1595 2663 1686 2698 data
1724 2666 1782 2697 est

1073 2732 1132 2764 ep.
1165 2721 1242 2760 210,
1274 2721 1496 2756 monasterii
1529 2720 1647 2756 fuisse
1677 2720 1779 2754 vidc-

1075 2783 1135 2813 tur
1160 2778 1418 2823 praepositus3
1445 2788 1479 2813 v.
1505 2777 1695 2813 Felicitas,
