2078 3054
862 109 1002 142 lndex
1034 109 1074 142 V.

244 227 300 258 est
327 222 379 256 lll
405 222 481 265 661,
507 223 541 260 8:
569 223 614 263 cs.
640 222 718 266 471,
745 222 797 257 11.
821 221 971 277 Caele-¹

243 280 338 315 stius
367 280 405 315 in
435 279 751 325 Carthaginensis
781 279 951 314 civitatis

242 338 406 373 ecelesia
469 338 543 372 iam
609 338 657 372 ad
722 337 950 382 presbyterii
969 368 972 403 4

242 396 424 430 honorem
489 396 693 439 subrepere
760 399 950 438 coeperat.
970 433 971 438 ¹

243 454 309 489 sed
373 453 421 488 ad
485 453 665 488 iudicium
731 452 950 496 episcopale

243 511 452 555 perductus
487 515 545 546 est
581 510 634 544 111
670 511 748 554 471,
785 511 814 544 7.
852 493 972 544 ἰᾶριῃΙ

243 569 292 604 ad
317 568 597 614 presbyterium
624 569 661 603 in
688 568 779 602 Asia
803 568 952 603 diceba-

242 630 303 661 tur
343 626 566 670 pervenisse
605 625 658 660 III
697 626 776 665 667,
817 625 852 669 6;
905 626 950 666 cf.

243 685 321 728 654,
352 684 404 719 12.
432 684 474 718 Α.
504 684 651 718 veritus
680 687 749 727 est,
778 693 823 718 ne
854 683 950 717 forte

242 742 456 777 Caelestius
487 742 590 785 apud
623 741 808 776 Hilarium
842 740 953 786 Syra-

242 800 344 834 cusis
406 805 509 834 esset
570 799 695 843 ibique
758 799 951 832 hominum

244 857 355 892 fidem
395 857 618 902 perturbare
658 861 861 891 conaretur
900 855 952 889 111

243 915 322 959 471,
362 915 416 950 20.
455 914 596 959 Alypio
632 918 670 949 et
708 914 751 948 A.
790 913 952 948 auctori-

243 973 312 1007 bus
342 972 529 1008 haeresim
560 971 817 1007 Caelestinam
848 971 954 1015 iugu-

243 1030 360 1065 latam
407 1041 490 1066 esse
539 1029 634 1065 dicit
681 1028 952 1074 Hieronymusss.

245 1099 320 1133 qua
350 1099 388 1123 re
420 1087 483 1123 isti
512 1087 695 1123 haeretiei
725 1086 887 1122 oderant
917 1090 954 1121 et

244 1146 330 1181 illos
364 1150 401 1182 et
435 1145 721 1190 Hieronymum,
757 1154 823 1188 per
859 1154 953 1190 quos

243 1205 432 1248 putabant
467 1214 506 1239 se
538 1203 754 1239 libertatem
790 1202 953 1238 docendi

245 1262 447 1297 haereseos
483 1261 697 1305 perdidisse
731 1260 783 1294 IV
813 1260 892 1303 300,
924 1260 953 1294 1.

245 1321 276 1354 5.
327 1319 466 1354 litteris
517 1318 671 1354 Herotis
720 1323 774 1353 et.
808 1317 954 1352 Lazari.

246 1387 340 1421 quas
380 1376 537 1411 Orosius
579 1376 803 1419 tradiderat,
846 1376 954 1411 lectis

244 1434 547 1480 Carthaginense
583 1434 783 1469 concilium
819 1442 856 1468 et
890 1433 975 1468 Mis

244 1492 455 1527 levitanum
481 1492 731 1529 adverterunt
756 1491 953 1535 Pelagium

246 1554 283 1586 et
325 1550 556 1585 Caelestium
598 1555 774 1585 auctores
818 1549 975 1592 nefarii}

248 1618 402 1652 prorsus
455 1611 494 1643 et
546 1607 593 1642 ab
644 1607 817 1642 omnibus
870 1617 976 1647 ana-1.

247 1665 443 1700 themandi
483 1666 623 1701 erroris
661 1675 744 1699 esse
785 1664 838 1698 III
877 1664 955 1707 653,

250 1724 304 1758 13:
331 1724 376 1764 cf.
401 1723 478 1767 667,
501 1723 533 1758 3.
558 1723 685 1767 itaque
711 1722 783 1757 nisi
808 1731 955 1757 errores

247 1791 335 1815 suos
372 1781 626 1831 'apertissime
675 1779 957 1815 anatliemavis-

248 1845 342 1882 sent,
376 1840 480 1883 ipsos
510 1838 746 1873 anathemari
778 1842 955 1881 oportere

248 1901 479 1931 censuerunt
511 1896 565 1930 111
594 1896 672 1940 654,
704 1896 756 1935 13,
787 1896 824 1930 id
854 1894 976 1940 quod*

247 1955 295 1989 ad
334 1964 474 1998 papam
510 1953 774 1991 Innocentium
813 1946 977 1987 detule-⁵

249 2016 334 2046 runt
363 2011 501 2046 litteris
530 2012 596 2045 175
622 2016 658 2046 et
688 2011 763 2045 176.
791 2003 977 2045 Caelesti¹

249 2080 366 2103 causa
393 2073 482 2103 ante
511 2069 627 2103 ferme
656 2068 977 2114 quinquenniuer

248 2127 351 2170 apud
384 2126 583 2161 ecclesiam
615 2123 977 2169 t‘arthaginensem‘

250 2189 305 2218 est
333 2184 482 2228 agitata
505 2184 558 2218 ΙΙΙ
584 2185 662 2226 654,
686 2184 721 2218 5;
749 2184 794 2224 cf.
822 2184 899 2224 667,
925 2184 978 2217 7³

1663 99 1742 138 153

1036 221 1316 266 constringeret
1354 222 1405 257 lll
1442 224 1518 259 721.
1554 224 1605 258 12.
1640 224 1743 259 Pela-

1035 279 1120 324 gius
1152 284 1187 314 et
1220 280 1433 316 Caelestius
1465 281 1651 316 adversus
1682 281 1743 316 dei

1035 338 1198 381 gratiam
1232 338 1466 382 disputando
1501 349 1623 374 novae
1659 340 1744 374 liae-

1037 395 1131 429 resis
1155 396 1214 430 vel
1238 400 1414 430 auctores
1441 396 1496 431 vel
1518 401 1618 431 certe
1642 407 1744 432 acer-

1036 453 1119 487 rimi
1154 453 1418 498 notissimique
1453 464 1629 489 suasores
1659 465 1743 489 curn

1036 510 1268 548 extitissent.
1310 511 1558 546 conciliorum
1600 512 1745 556 episco-

1037 568 1179 610 palium
1211 568 1414 613 vigilantia
1443 570 1491 604 ab
1520 569 1744 605 Innocentio

1038 635 1140 669 papa
1169 630 1206 661 et
1236 626 1384 661 Zosimo
1416 631 1496 661 toto
1527 626 1744 662 Christiano

1037 684 1126 718 orbe
1186 683 1357 719 damnati
1414 690 1503 719 sunt
1560 684 1611 719 IV
1670 686 1744 728 157,

1038 741 1161 776 9-18.
1236 752 1393 786 quarum
1470 743 1743 777 sententiarum

1038 799 1216 843 exempla
1254 800 1296 834 A.
1336 800 1439 834 misit
1477 800 1525 835 ad
1564 800 1744 844 Optatum

1038 856 1089 890 IV
1126 857 1201 901 157,
1241 857 1292 892 18.
1329 856 1508 901 Pelagius
1545 862 1581 892 et
1616 857 1744 893 Caele-

1039 914 1135 949 stius
1185 914 1328 949 recenti
1378 915 1519 949 iudicio
1568 915 1630 950 dei
1680 924 1745 958 per

1038 971 1243 1017 diligentes
1274 977 1310 1009 et
1343 972 1473 1007 fideles
1505 982 1636 1007 servos
1665 973 1746 1008 eius

1038 1030 1227 1065 catholica
1283 1030 1549 1066 communione
1605 1030 1747 1074 privati

1040 1092 1127 1123 sunt
1147 1092 1184 1123 et
1205 1088 1328 1123 adhuc
1352 1088 1388 1123 in
1411 1099 1478 1123 sua
1500 1088 1746 1123 damnatione

1040 1147 1297 1189 persistebant
1325 1146 1375 1179 {V
1402 1146 1480 1189 220,
1507 1146 1561 1180 25.
1587 1146 1747 1190 impera-

1039 1209 1141 1238 tores
1188 1203 1379 1238 Honorius
1426 1210 1457 1238 et
1509 1203 1748 1239 Theodosius

1039 1261 1181 1296 dudum
1226 1261 1518 1296 constituerant.
1559 1265 1601 1295 ut
1643 1260 1748 1296 Pela-

1038 1319 1123 1363 gius
1169 1323 1283 1363 atque
1329 1318 1554 1361 Caelestius,
1601 1318 1748 1353 infandi

1039 1377 1230 1420 dogmatis
1281 1380 1510 1420 repertores
1560 1377 1607 1411 ab
1656 1376 1747 1411 urbe

1040 1435 1161 1469 Roma
1216 1434 1461 1479 pellerentur,
1514 1438 1552 1468 et
1604 1434 1748 1469 recenti

1039 1503 1189 1537 quoque
1237 1491 1435 1526 sanctione
1484 1492 1748 1534 decreverunt,

1040 1555 1091 1594 ut,
1133 1550 1164 1584 si
1204 1550 1288 1594 quis
1329 1560 1393 1585 eos
1433 1549 1470 1584 in
1510 1560 1747 1595 quacumque

1040 1608 1325 1651 provinciarum
1357 1611 1464 1652 parte
1491 1607 1644 1642 latitare
1673 1617 1749 1641 non

1040 1665 1216 1701 nesciens
1279 1669 1346 1700 aut
1407 1664 1620 1708 propellere
1684 1667 1749 1699 aut

1041 1723 1202 1767 prodere
1232 1723 1458 1767 distulisset,
1488 1723 1749 1768 praescriptae

1042 1791 1187 1825 poenae
1219 1781 1324 1816 velut
1355 1781 1550 1825 particeps
1581 1780 1750 1815 subiace-

1042 1844 1099 1874 ret
1124 1839 1175 1873 lv
1202 1839 1279 1882 296,
1304 1840 1336 1873 4.
1361 1839 1439 1882 297,
1463 1839 1483 1872 2
1508 1842 1556 1873 et.
1582 1838 1749 1883 quicum-

1041 1908 1112 1941 que
1146 1897 1318 1940 episcopi
1351 1906 1479 1931 eorum
1511 1894 1749 1930 damnationi

1041 1954 1277 1989 subscribere
1339 1953 1612 1997 neglexissent,
1674 1952 1751 1995 epi-

1039 2015 1220 2056 scopatus
1240 2011 1445 2046 amissione
1466 2010 1616 2045 multati
1638 2010 1751 2044 inter-

1041 2069 1146 2104 dicta
1171 2070 1208 2103 in
1233 2073 1459 2113 perpetuum
1484 2067 1635 2111 expulsi
1660 2067 1751 2101 eivi-

1041 2127 1184 2162 tatibus
1213 2126 1477 2161 communione
1506 2125 1750 2169 privarentur

1042 2183 1094 2218 IV
1122 2184 1200 2227 298,
1230 2185 1261 2219 2.

249 2242 446 2285 Pelagium
490 2242 796 2287 Caelestiumque
842 2226 959 2277 eccle·
976 2246 978 2294 ὲ
997 2241 1181 2276 Caelic
1198 2242 1281 2276 ola
1298 2252 1316 2276 e
1343 2242 1375 2275 II
1405 2242 1480 2285 121,
1506 2242 1536 2275 1.
1566 2252 1599 2275 v.
1625 2241 1752 2276 Maior.

251 2299 408 2334 siastica
473 2301 738 2335 communione

251 2356 497 2391 hinocentius
554 2358 756 2400 apostolici
815 2357 979 2400 vigoris,

251 2414 481 2449 anctoritate
518 2415 677 2452 censuit.
712 2415 833 2449 donec
872 2402 979 2462 resi-f

252 2472 443 2514 piscerent
501 2473 547 2507 dc
604 2473 744 2507 diaboli
802 2472 960 2517 laqueis,

253 2540 393 2575 eosque
438 2530 587 2565 interim
632 2531 824 2565 dominico
867 2530 960 2564 ovili

254 2598 329 2622 non
357 2588 475 2632 recipi
503 2588 556 2622 111
585 2589 662 2626 721,
687 2589 723 2624 3;
753 2588 798 2628 cf.
825 2588 902 2631 722,
928 2589 981 2634 4.]

253 2645 363 2680 simul
400 2647 608 2690 praecepit,
645 2651 697 2690 ut,
732 2646 981 2691 quicumque:

252 2703 412 2738 eandem
464 2704 676 2738 doctrinam
727 2701 981 2749 defensitare}

254 2760 477 2804 niterentur,
544 2771 612 2805 par
667 2771 732 2796 eos
787 2761 980 2796 vindicta*

815 2299 1396 2343 privariicaeremoniae:

1495 2298 1752 2344 Hieronymus

1043 2357 1268 2399 pronuntiat
1301 2357 1562 2391 caeremonias
1596 2356 1753 2390 Indaeo-

1045 2425 1125 2449 rum
1148 2419 1183 2449 et
1206 2414 1442 2458 perniciosas
1465 2425 1547 2449 esse
1567 2419 1604 2449 et
1626 2413 1753 2448 morti-

1044 2471 1145 2507 feras
1181 2472 1410 2507 Christianis
1443 2476 1491 2509 et.
1525 2472 1752 2516 quicumque

1046 2540 1110 2564 eas
1134 2530 1398 2565 observaverit
1424 2529 1504 2564 sive
1529 2540 1576 2564 ex
1602 2528 1753 2563 Iudaeis

1047 2587 1127 2623 sive
1168 2598 1214 2622 ex
1257 2587 1446 2632 gentibus,
1487 2597 1572 2622 eum
1614 2587 1651 2621 in
1691 2586 1754 2621 ba-

1044 2645 1213 2680 rathrum
1259 2644 1402 2680 diaboli
1449 2645 1672 2679 devolutum
1719 2643 1753 2678 ΙΙ

1044 2704 1124 2747 305,
1152 2704 1187 2746 8;
1218 2703 1261 2737 Λ.
1290 2706 1417 2738 autem
1450 2702 1501 2737 ait
1532 2702 1658 2737 dicere
1688 2711 1752 2737 eas

1045 2772 1120 2797 non
1164 2771 1247 2796 esse
1293 2751 1530 2804 perniciosas
1573 2759 1642 2803 his,
1688 2758 1751 2805 qui
