2078 3054
905 137 1047 173 Index
1076 138 1120 172 V.

287 254 477 298 baptisma
510 264 579 296 en,
612 252 643 287 si
677 262 721 287 eo
754 262 793 287 se
826 251 995 296 dignum,

287 313 351 357 qui
380 311 533 354 accipit,
564 311 746 353 praebeat
775 309 808 343 11
839 309 913 352 118,
943 308 995 342 12.

243 370 291 403 lo
308 369 404 404 han
421 380 511 404 nes
564 368 762 411 apostolus
819 374 998 411 (evange-

288 427 405 470 lista),
445 437 554 471 quem
593 426 771 460 dominus
808 425 906 459 inter
943 423 998 459 di-

288 484 456 528 scipulos
495 494 584 518 suos
624 483 828 526 praecipue
865 482 998 526 dilige-

288 542 352 576 bat
391 541 441 575 III
480 541 556 584 449,
597 541 651 584 16,
689 540 829 584 Ephesi
867 538 996 574 docuit

290 599 323 633 ΙΙ
358 600 413 643 51,
449 599 501 633 18.
536 599 725 641 reperitur
761 598 874 641 longe
909 600 998 631 ante

290 657 406 691 fuisse
438 656 654 693 defunct-us,
687 666 799 700 quam
831 655 997 699 quinque

289 715 393 749 milia
427 714 627 759 quingenti
664 713 754 747 anni
791 723 811 746 a
847 712 998 757 generis

290 772 443 806 humani
495 772 654 806 exordio
717 770 999 814 complerentur

291 829 341 863 1V
377 830 455 872 258,
490 829 543 863 21.
580 833 738 872 propter
773 828 898 871 ipsum
934 837 1000 861 nu-

291 897 433 921 merum
480 876 752 930 septenarium,
800 895 874 930 quo
920 885 999 919 uni-

291 944 487 979 versitatis
513 944 742 989 significatio
769 953 883 987 saepe
909 942 1000 987 figu-

291 1007 407 1046 ratur,
464 1001 654 1037 Iohannes
709 999 909 1044 apostolus
963 998 1000 1033 in

292 1059 529 1104 Apocalypsi
570 1059 619 1094 ad
661 1065 806 1102 septem
846 1057 1000 1101 scripsit

292 1117 475 1152 ecclesias
504 1117 538 1151 II
569 1117 646 1161 179,
675 1117 732 1152 21:
763 1116 808 1156 cs.
832 1116 917 1159 -141,
946 1115 1022 1149 ΕΘΛ

291 1175 387 1209 duos
418 1175 503 1209 illos
535 1175 754 1221 prophetas,
787 1173 833 1208 de
864 1173 1001 1218 quibus

292 1233 420 1268 tacitis
486 1243 616 1267 eorum
682 1229 899 1266 nominibus
964 1229 1023 1271 in;

294 1290 530 1335 Apocalypsi
554 1290 732 1334 loquitur,
757 1289 928 1333 plerique
954 1287 1001 1322 ad
1021 1284 1023 1318 ἱ

294 1348 422 1382 Enoch
461 1352 497 1382 et
538 1347 685 1382 Heliam
728 1346 897 1381 referunt
952 1344 1023 1378 1V=

296 1406 370 1449 170,
413 1406 468 1439 20.
511 1405 612 1450 quod
657 1405 846 1438 Iohannes
888 1404 1023 1438 dixitt,

295 1462 525 1498 'Novissima
564 1463 658 1496 hora
696 1462 776 1505 est‘,
830 1459 1023 1495 nonnulli*

295 1520 346 1555 sic
375 1520 628 1564 accipiebant,
656 1524 695 1554 ut
722 1530 788 1554 sex
816 1529 1001 1554 annorum

294 1577 397 1613 milia
433 1578 712 1612 constituerent
747 1577 851 1613 velut
888 1564 1023 1610 unum}

294 1635 392 1670 diem
436 1646 598 1680 eumque
644 1635 679 1669 in
725 1640 854 1678 partes
898 1633 1024 1674 velut,

295 1693 407 1728 horas
442 1693 642 1728 duodecim
682 1693 915 1737 partirentur
952 1683 1024 1725 IV}

295 1750 373 1795 258,
402 1752 437 1786 4:
471 1751 513 1785 A.
547 1761 622 1785 non
653 1749 918 1784 duodecimam
950 1748 1001 1782 ait

296 1809 361 1843 sed
418 1808 640 1842 vicesimam
697 1811 872 1852 quartam
928 1805 1004 1840 diei

297 1870 442 1909 partem
480 1876 561 1901 esse
598 1865 741 1908 horam,
777 1875 851 1909 quo
887 1863 1004 1907 fieret,

297 1928 337 1958 ut
365 1923 576 1957 novissima
605 1922 708 1959 hora
738 1933 782 1956 ex
811 1932 885 1966 quo
914 1927 1005 1956 tem—

297 1990 388 2023 pore
421 1980 457 2015 id
489 1980 639 2015 locutus
670 1985 772 2014 esset
805 1979 1006 2021 Iohannes,

297 2041 385 2073 ante
431 2037 548 2073 ferme
593 2037 841 2082 septuaginta
883 2045 1005 2070 annos

297 2101 337 2131 ut
391 2095 588 2130 minimum
645 2095 718 2129 iam
775 2093 1006 2137 reperiretur

298 2163 380 2188 esse
409 2157 605 2187 transacta
632 2152 682 2186 IV
709 2152 787 2195 258,
816 2152 867 2186 10.

254 2214 538 2258 lohannes,
571 2215 635 2260 qui
668 2215 811 2250 dudum
845 2214 882 2248 in
915 2223 1007 2257 pon-

297 2272 426 2306 titicali
460 2273 582 2317 gradu
613 2270 1008 2314 Constantinopolita-

298 2340 383 2363 nam
422 2330 522 2364 rexit
557 2329 770 2372 ecclesiam,
807 2329 853 2363 de
895 2329 1007 2363 Petro

297 2397 321 2421 a
357 2387 475 2421 Paulo
511 2387 743 2430 reprehenso
779 2386 1006 2420 latissimum

298 2444 475 2479 exaravit
535 2444 670 2479 librum
733 2442 908 2487 Origenis
971 2447 1009 2477 et

1045 2188 1326 2233 Iordanes,

1706 125 1784 166 241

1079 261 1175 295 quae
1207 256 1334 286 tamen
1365 251 1585 287 testimonia
1617 252 1689 296 ipsi
1720 253 1787 288 Pe-

1082 309 1183 354 lagio
1207 320 1245 345 se
1269 310 1496 353 opposuisse
1522 321 1789 345 commemora-

1082 367 1202 402 visset
1234 366 1284 401 IV
1316 368 1378 411 75,·
1400 367 1430 402 9.
1463 368 1523 402 cui
1555 378 1638 402 cum
1671 369 1713 402 A.
1743 369 1789 404 de

1084 425 1229 459 haeresi
1255 424 1462 469 Pelagiana
1485 426 1703 470 scripsisset
1724 436 1793 461 nec

1084 491 1308 525 responsum
1367 483 1592 526 accepisset,
1648 483 1790 518 subira-

1083 543 1145 574 tus
1177 540 1246 582 (ΙΙΙ
1274 540 1353 584 691,
1383 541 1440 579 15)
1472 550 1531 584 ep.
1562 541 1626 575 179
1656 541 1790 576 iterum

1084 608 1167 632 eum
1195 598 1287 632 adiit
1315 603 1363 641 et,
1389 604 1427 633 ut
1458 599 1527 634 sibi
1555 599 1791 643 rescriberet,

1085 656 1236 700 rogavit
1261 655 1314 689 III
1337 656 1414 696 691,
1440 656 1493 690 20.
1518 656 1565 691 ad
1588 656 1790 700 epistulam

1085 713 1233 748 addidit
1256 718 1292 749 et
1315 713 1445 758 Pelagi
1468 714 1604 749 librum
1626 720 1659 749 et
1685 725 1790 748 suum

1086 771 1219 816 ipsius,
1259 781 1333 816 quo
1373 772 1406 806 ei
1447 772 1696 815 responderat
1742 772 1790 805 Ill

1084 829 1163 872 694,
1208 830 1239 863 4.
1285 829 1421 871 petivit
1468 830 1595 873 etiam,
1638 836 1676 864 ut
1723 829 1793 863 sibi

1087 887 1266 930 mitteret,
1309 887 1444 931 quibus
1488 887 1667 932 Pelagius
1711 897 1793 930 per-

1086 944 1278 979 hiberetur
1318 955 1400 979 esse
1441 950 1638 989 purgatus,
1679 945 1795 979 eccle-

1087 1002 1242 1037 siastica
1271 1007 1381 1046 gesta
1411 1001 1464 1035 III
1492 1003 1570 1046 695,
1598 1002 1628 1036 9.

1043 1070 1091 1105 Io
1109 1081 1130 1104 n
1147 1081 1219 1106 as:
1249 1072 1295 1106 de
1324 1071 1418 1106 Iona
1444 1072 1632 1115 propheta
1659 1071 1691 1105 ΙΙ
1717 1072 1795 1114 570,

1088 1129 1117 1163 8.
1155 1128 1269 1164 Ionas
1308 1129 1431 1174 figura
1468 1129 1607 1164 Christi
1647 1128 1680 1162 ΙΙ
1718 1130 1795 1172 573,

1090 1187 1257 1231 13-575,
1290 1186 1322 1222 2.
1356 1187 1435 1231 577,
1471 1188 1527 1229 16;
1562 1187 1685 1232 figura
1717 1197 1797 1221 car-

1089 1245 1184 1279 nalis
1220 1244 1351 1289 populi
1386 1245 1529 1279 Israhel
1565 1245 1600 1278 ΙΙ
1633 1246 1711 1287 574,
1744 1246 1796 1279 10.

1088 1303 1134 1337 de
1178 1302 1270 1336 Iona
1314 1313 1334 1337 a
1377 1302 1490 1337 belua
1531 1302 1716 1337 devorato
1761 1308 1796 1337 et

1088 1360 1134 1395 de
1163 1360 1362 1395 cucurbita
1389 1369 1503 1403 super
1531 1371 1615 1395 eum
1645 1365 1735 1395 nata
1763 1360 1794 1393 ll

1089 1419 1166 1461 570,
1190 1418 1339 1462 9477,
1367 1418 1419 1452 19.
1447 1418 1548 1463 quod
1573 1417 1716 1453 factum
1741 1424 1796 1453 est

1089 1475 1134 1510 de
1173 1475 1275 1520 Iona,
1317 1486 1392 1510 non
1430 1476 1691 1511 incredibilius
1729 1480 1798 1511 est.

1089 1545 1200 1578 quam
1239 1534 1300 1568 vel
1338 1533 1523 1568 Lazarum
1561 1538 1697 1579 quarto
1737 1534 1797 1569 die

1089 1591 1356 1626 resuscitatum
1414 1602 1497 1628 esse
1554 1591 1615 1626 vel
1675 1592 1796 1635 ipsum

1089 1649 1280 1684 Christum
1311 1650 1424 1684 tertio
1453 1650 1514 1684 die.
1543 1650 1797 1686 resurrexisse

1090 1707 1150 1742 vel
1173 1712 1250 1742 tres
1273 1707 1357 1742 illos
1382 1707 1485 1742 viros
1510 1708 1546 1742 in
1570 1707 1694 1742 medio
1719 1707 1797 1751 igni

1089 1765 1354 1800 deambulasse
1389 1765 1555 1800 inlaesos
1590 1765 1623 1799 II
1656 1765 1735 1810 571,
1768 1765 1799 1799 2.

1090 1823 1168 1866 572,
1192 1824 1224 1858 3.
1249 1823 1295 1858 de
1321 1822 1436 1858 Ionae
1461 1822 1556 1867 loco,
1581 1823 1644 1858 ubi
1668 1823 1798 1858 Hiero-

1091 1891 1227 1925 nymus
1269 1880 1447 1915 hederam
1491 1891 1559 1924 pro
1602 1881 1798 1915 cucurbita

1091 1940 1366 1984 interpretatus
1398 1945 1454 1975 est
1486 1940 1520 1974 ΙΙ
1551 1940 1629 1984 253,
1661 1941 1692 1974 3.
1721 1940 1799 1983 321,

1091 2000 1238 2043 4—323,
1271 2001 1323 2035 11.
1356 2000 1433 2044 351,
1465 2001 1500 2036 4:
1536 2000 1578 2034 A.
1613 2000 1649 2034 in
1682 2000 1799 2033 omni·

1090 2061 1160 2095 bus
1186 2057 1345 2095 Latinis'
1361 2060 1595 2095 cucurbitam
1622 2060 1698 2104 legi
1726 2070 1800 2094 ma-

1091 2120 1191 2155 lebat
1226 2120 1259 2154 ΙΙ
1293 2121 1372 2165 386,
1406 2121 1459 2155 20.

1379 2189 1518 2224 fluvius
1569 2189 1606 2224 in
1658 2189 1801 2223 sanctis

1091 2250 1286 2293 mysteriis
1335 2249 1571 2292 nobilitatus,
1631 2249 1677 2284 de
1727 2259 1801 2293 quo

1092 2309 1233 2344 totiens
1290 2320 1413 2344 sermo
1467 2309 1621 2344 divinus
1677 2319 1800 2342 rerum

1093 2369 1253 2413 figurate
1303 2370 1619 2404 insinuandarum
1672 2368 1802 2413 mysti-

1094 2439 1158 2463 cas
1183 2429 1453 2464 similitudines
1478 2429 1585 2463 duxit
1612 2428 1646 2462 11
1671 2429 1746 2471 186,
1773 2429 1801 2462 1.

299 2506 470 2536 veterum
511 2502 740 2536 sententiam
781 2505 934 2535 secutus
974 2499 1009 2534 ΙΙ
1047 2497 1262 2542 loseph:
1295 2498 1447 2543 ferrum,
1479 2498 1581 2543 quod
1612 2502 1802 2541 pertrans-

300 2559 379 2604 289,
410 2559 462 2593 15.
488 2560 566 2602 376,
598 2559 651 2593 10.

256 2625 380 2661 loha
395 2637 418 2660 n
435 2637 457 2660 n
473 2637 492 2661 e
508 2637 542 2670 s,
637 2626 1009 2671 Hierosolymitanae
1027 2640 1029 2668 ς

295 2684 463 2730 antistes
495 2683 679 2719 ecclesiae
711 2684 762 2717 lV
794 2685 848 2727 75,
880 2684 912 2727 9,
944 2683 1029 2718 Pe-}

302 2741 455 2785 lagium,
488 2746 528 2775 ut
564 2741 713 2776 audivit
751 2741 803 2784 A„
850 2730 1029 2775 multum}

303 2797 487 2843 diligebat
529 2798 579 2832 111
620 2799 699 2842 691,
740 2798 794 2833 21.
835 2799 914 2842 693,
954 2791 1031 2850 3033

326 2863 425 2889 tvm.
447 2864 632 2897 Augustinus.
653 2864 913 2896 (Goldbncher.)

1094 2558 1137 2593 iit
1172 2558 1338 2593 animam
1374 2558 1467 2602 eius,
1503 2567 1572 2602 pro
1610 2558 1706 2592 dura.
1739 2557 1802 2591 tri-

1094 2618 1288 2653 bulatione
1340 2618 1505 2660 positum
1559 2617 1628 2652 sibi
1680 2616 1802 2651 videri

1094 2677 1189 2712 dicit
1222 2678 1265 2712 A.
1298 2678 1350 2711 Ill
1381 2678 1458 2719 378,
1491 2678 1549 2712 23:
1581 2677 1626 2717 ct.
1659 2676 1690 2710 11
1725 2677 1803 2719 738,

1099 2738 1142 2771 10
1167 2738 1308 2780 (Paul.,·
1334 2737 1410 2771 (ιῖία
1425 2737 1595 2771 eiras-dem
1611 2737 1803 2771 sententia

1096 2797 1130 2831 II
1162 2797 1239 2842 740,
1273 2798 1346 2841 23).

1536 2865 1575 2898 16
