2078 3054
917 126 1058 163 lndex
1082 125 1127 161 V.
1711 112 1792 154 297

296 242 495 277 l‘inianum
535 252 611 276 non
650 240 747 275 sicut
786 240 1006 275 damnatum

298 299 365 334 sed
419 298 519 334 sicut
572 298 808 333 carissimum
862 296 1006 331 habita-

298 360 417 391 torem
482 366 573 391 suae
637 354 805 390 civitatis
870 353 1008 389 habere

298 414 504 449 voluerunt
535 412 587 447 III
620 413 653 456 6,
689 413 745 455 193
779 421 855 446 non
888 410 1010 454 aliter,

299 470 476 515 quod-eis
500 470 737 515 promiserat,
759 468 904 513 impleri
927 478 1008 504 sen-

299 528 456 571 tiebant,
486 538 597 572 quam
627 531 667 562 ut
697 527 851 562 adesset
877 525 1010 561 volun-

299 588 378 620 tate
439 583 635 620 habitandi
697 588 734 619 et
794 583 876 626 iret,
936 593 1010 627 quo

301 633 477 677 necesse>
512 641 658 685 fuisset,
712 651 797 675 cum
850 639 1010 684 disposi-

299 700 405 735 tione
429 699 612 734 redeundi
636 699 689 733 III
716 698 769 742 17,
795 697 849 732 21.
874 696 1012 732 Albina

302 758 339 792 in
364 767 420 801 ep.
446 757 494 791 ad
519 757 563 790 A.
589 756 705 790 missa
729 755 787 790 ius
812 754 1011 790 iurandum

301 813 489 849 violenter
521 812 712 849 extortum
745 812 842 848 dixit
872 811 924 846 III
958 811 1013 855 16,

303 872 359 914 15;
395 872 440 912 cf.
474 872 508 915 5,
541 871 558 906 1
595 874 633 906 et
667 870 890 915 promissam
923 869 1013 913 Hip-

303 940 399 973 pone
438 928 691 974 praesentiam
731 927 843 970 exilii,
881 926 1013 971 depor-

302 986 470 1030 tationis,
544 985 790 1031 relegationis
863 984 1014 1019 nomine

304 1043 575 1089 praegravavit
605 1044 659 1088 17,
687 1044 718 1077 4.
746 1042 905 1077 Piniano
935 1041 1015 1076 nul-

303 1102 361 1136 lus
415 1101 463 1136 ab
515 1099 838 1146 Hipponiensibus
892 1102 1014 1134 metus

305 1158 436 1194 mortis
460 1159 631 1204 ingestus
654 1161 723 1202 est,
745 1157 896 1193 etiamsi
917 1156 1016 1192 forte

306 1217 384 1261 ipse
414 1217 489 1252 tale
516 1216 659 1261 aliquid
688 1215 814 1250 timuit
840 1214 893 1249 ΙΙΙ
920 1215 953 1259 8,
980 1213 1015 1257 2;

306 1275 351 1315 cf.
384 1275 437 1318 14,
471 1275 523 1309 14.
557 1274 612 1318 16,
643 1274 698 1308 17.
729 1283 803 1317 qua
834 1272 1017 1317 religione

306 1332 363 1366 ius
395 1332 593 1366 iurandum
625 1342 646 1366 a
677 1330 836 1365 Piniano
867 1339 1017 1364 conser-

306 1389 387 1423 vari
423 1388 637 1433 oportuerit
670 1388 722 1422 ΙΙΙ
756 1388 789 1431 5,
826 1388 926 1431 1—-7,
963 1387 1017 1421 13.

308 1447 361 1489 16,
409 1448 462 1481 10.
509 1445 691 1480 Pinianus
739 1445 777 1479 in
823 1444 1017 1480 monachis

307 1503 518 1539 habebatur
545 1503 596 1537 III
624 1503 678 1547 16,
703 1504 759 1539 30.
789 1502 1018 1547 Hipponien-

308 1562 403 1596 sium
453 1561 489 1595 in
538 1561 685 1596 Piniani
734 1572 852 1595 causa
899 1560 1019 1604 suspi-

308 1619 437 1654 ciones
467 1623 506 1654 et
534 1618 690 1653 iniurias
721 1617 900 1653 sustinuit
932 1617 1020 1661 Aly-

309 1677 393 1722 pius
444 1687 477 1711 υ.
529 1676 700 1720 Alypius.
750 1686 807 1719 ep.
857 1674 923 1709 225
972 1674 1019 1708 ad

310 1734 488 1779 Alypium
526 1734 639 1768 datae
677 1734 721 1767 A.
759 1731 1020 1777 promissionis

311 1791 523 1836 exemplum
559 1791 732 1825 adiunxit
769 1800 814 1825 ex
850 1789 1022 1824 chartula
1055 1802 1058 1804 ·

311 1849 454 1891 cadem,
484 1859 596 1892 quam
625 1848 806 1882 Pinianus
835 1846 1022 1891 subscrip-

313 1907 371 1948 sit.
428 1905 653 1940 translatum
709 1909 747 1941 et
801 1915 823 1938 a
877 1915 915 1939 se
971 1904 1023 1938 in—

313 1963 496 2007 spiciente
535 1963 775 2009 emendatum
813 1962 864 1996 111
900 1963 932 2006 7,
970 1962 1022 1996 19.
1053 1993 1055 1995 .

267 2032 290 2065 p
306 2021 314 2055 i
332 2033 347 2053 s
363 2031 380 2055 c
398 2020 407 2054 i
424 2031 440 2055 8
459 2032 466 2054 :
494 2020 565 2055 illis
592 2020 739 2064 magnis
767 2018 933 2064 piscibus
959 2019 1024 2054 do-

314 2078 436 2112 minus
474 2077 547 2112 iam
585 2081 671 2122 post
708 2077 1023 2112 resurrectionem

315 2146 452 2169 novam
500 2135 619 2170 vitam
666 2134 942 2169 demonstravit
991 2133 1025 2167 II

316 2192 394 2236 205,
422 2192 476 2227 16.

271 2250 347 2284 Piu
359 2261 386 2293 s,
402 2249 604 2294 episcopus
620 2249 813 2283 Romanus
829 2248 861 2282 ΙΙ
879 2244 1024 2291 153.'15.

270 2307 591 2341 Placentius
628 2307 829 2350 episcopus
867 2306 903 2340 in
939 2315 1026 2340 con-

317 2364 403 2398 cilio
428 2364 648 2398 Milevitano
672 2363 797 2400 adfuit
818 2350 869 2397 Ill
892 2364 970 2406 663,
992 2363 1025 2397 5.

272 2424 426 2458 Plato
469 2435 491 2458 a
532 2424 715 2461 Cicerone
760 2424 888 2458 multis
931 2424 1024 2458 locis

318 2481 555 2526 apertissime
581 2481 794 2516 ostenditur
819 2481 856 2515 in
882 2481 1027 2525 sapien-

320 2539 373 2572 tia
394 2549 468 2572 non
492 2529 742 2573 humana'sed
765 2538 875 2582 plane
898 2538 1028 2572 divina

320 2596 564 2630 constituisse
586 2600 623 2629 et
644 2595 755 2629 finem
776 2595 864 2629 boni
885 2599 922 2630 et
942 2606 1027 2630 cau—

318 2663 378 2686 sas
395 2663 516 2686 rerum
533 2657 567 2687 et
585 2652 837 2687 ratiocinandi
852 2652 1029 2687 fiduciam

322 2709 354 2743 II
377 2710 455 2753 684,
480 2710 511 2743 2.
536 2710 715 2744 memoria
741 2710 1029 2753 praeteritarum

322 2777 444 2801 rerum
493 2770 561 2810 est,
609 2767 701 2802 llaec
749 2771 886 2811 autem,
934 2777 1030 2812 quae

1090 239 1345 284 intellegendo
1396 239 1589 283 discimus,
1641 239 1799 274 Platone

1089 297 1171 342 ipso
1197 301 1353 332 auctore
1379 301 1534 332 manent
1558 307 1705 341 semper
1730 307 1798 331 nec

1090 358 1251 399 possunt
1278 355 1431 390 interire
1459 365 1502 389 ac
1532 365 1597 399 per
1624 355 1695 388 hoc
1724 364 1800 388 non

1091 414 1179 446 sunt
1209 412 1416 456 praeterita
1446 412 1461 446 Ι
1494 412 1547 455 14,
1577 412 1610 446 4.
1639 411 1800 446 dicimus

1092 469 1280 505 hominem
1302 469 1411 513 quasi
1431 469 1620 504 hominem
1643 468 1679 503 in
1701 479 1800 503 com-

1091 527 1290 571 paratione
1333 526 1494 561 hominis
1538 526 1648 560 illius.
1691 536 1801 570 quem

1091 583 1200 618 Plato
1232 587 1394 618 noverat
1424 583 1440 618 I
1468 584 1502 627 5,
1533 584 1564 618 4.
1595 582 1802 619 Xenocrati

1091 641 1278 685 discipulo
1328 640 1584 683 Academiam,
1634 640 1802 675 scholam

1094 709 1213 742 suam,
1235 698 1388 743 reliquit
1410 698 1519 733 Plato
1544 698 1575 732 II
1599 698 1679 741 681,
1702 698 1735 732 9.
1759 697 1802 732 Α.

1093 755 1278 800 epistulae
1349 755 1529 790 Nebridio
1602 755 1804 797 Christum,

1093 813 1302 857 Platonem,
1338 812 1528 847 Plotinum
1567 812 1754 847 sonabant
1789 812 1804 846 Ι

1095 870 1149 914 12,
1179 870 1210 904 1.
1240 869 1463 905 Ambrosius
1491 869 1645 914 scripsit
1672 870 1805 904 adver·

1096 938 1159 962 sus
1196 937 1274 970 eos,
1311 927 1375 972 qui
1411 927 1457 962 de
1494 926 1664 962 Platonis
1701 926 1806 961 libris

1094 984 1285 1020 Christum
1340 984 1548 1029 profecisse
1604 983 1807 1019 contende-

1095 1041 1189 1077 bant
1213 1042 1247 1076 ΙΙ
1274 1043 1306 1086 7,
1332 1042 1387 1077 23.

1049 1103 1331 1139 Platonici
1381 1112 1463 1138 esse
1516 1102 1659 1147 aliquid
1709 1101 1808 1136 dice-

1095 1161 1199 1205 bant,
1227 1161 1331 1206 quod
1358 1171 1435 1196 non
1462 1159 1637 1195 sensibus
1666 1158 1808 1203 percipi

1098 1222 1239 1264 posset,
1262 1222 1376 1263 atque
1399 1218 1437 1253 id
1459 1217 1579 1253 solum
1601 1227 1691 1252 vere
1713 1226 1808 1259 esse,

1098 1277 1134 1312 id
1165 1277 1286 1312 solum
1316 1276 1459 1321 percipi
1487 1286 1612 1320 posse,
1641 1275 1728 1319 quia
1757 1274 1809 1308 in-

1098 1333 1365 1370 commutabile
1435 1337 1472 1368 et
1541 1332 1809 1377 sempiternum

1099 1395 1212 1436 esset,
1261 1391 1404 1436 percipi
1451 1393 1579 1425 autem
1628 1389 1711 1425 sola
1758 1389 1810 1424 in-

1100 1449 1322 1495 tellegentia
1350 1449 1383 1483 11
1411 1449 1491 1492 683,
1522 1449 1576 1483 15.
1606 1448 1704 1483 inter
1734 1457 1810 1490 eos,

1100 1507 1163 1551 qui
1201 1506 1400 1542 fruendum
1437 1506 1508 1541 deo
1546 1516 1661 1540 unum
1697 1508 1810 1549 atque

1101 1575 1286 1599 summum
1331 1563 1470 1599 bonum
1513 1566 1684 1598 nostrum
1729 1572 1812 1597 esse

1100 1621 1289 1665 dicebant,
1339 1622 1578 1656 eminuerunt
1625 1619 1812 1655 Platonici

1102 1680 1135 1714 II
1177 1680 1256 1723 681,
1299 1680 1328 1713 1.
1372 1679 1535 1713 animam
1578 1678 1724 1722 lapsam
1766 1677 1812 1712 de

1103 1737 1207 1772 caelo
1253 1747 1348 1771 ,esse
1406 1746 1537 1771 omnes
1594 1735 1813 1770 Platonicos

1104 1798 1237 1839 putare
1262 1794 1356 1829 dicit
1380 1793 1633 1837 Hieronymus
1660 1792 1711 1827 111
1735 1792 1814 1833 542,

1103 1853 1134 1886 4.
1199 1851 1386 1886 Platonici
1451 1850 1633 1885 salsorum
1698 1849 1815 1894 philo-

1104 1909 1308 1954 sophorum
1370 1908 1559 1944 erroribus
1620 1907 1815 1942 circumla-

1105 1966 1293 2002 trantibus
1339 1966 1566 2001 sententiam
1613 1975 1718 1999 suam
1764 1967 1816 1998 te-

1103 2035 1192 2069 gere
1221 2024 1476 2068 quaerendam
1507 2033 1619 2067 quam
1649 2021 1816 2066 polluen-

1104 2082 1190 2117 dam
1224 2081 1392 2125 proferre
1426 2080 1640 2115 maluerunt
1672 2079 1705 2113 11
1738 2079 1816 2121 696,

1106 2138 1161 2173 22.
1201 2138 1336 2183 quibus
1376 2136 1664 2173 condicionibus
1705 2140 1743 2171 et
1780 2136 1817 2170 in

1107 2195 1311 2230 moralibus
1351 2200 1387 2231 et
1427 2196 1464 2230 in
1503 2193 1740 2229 naturalibus
1781 2196 1818 2228 et

1108 2254 1145 2287 in
1169 2252 1417 2287 rationalibus
1443 2250 1730 2297 quaestionibus
1755 2251 1818 2285 ad-

1107 2310 1211 2345 ducti
1246 2310 1332 2353 sint,
1366 2313 1408 2344 ut
1441 2309 1635 2344 occultare
1670 2311 1818 2343 senten-

1109 2368 1198 2402 tiam
1232 2378 1338 2402 suam
1371 2370 1584 2415 statuerent
1615 2370 1653 2401 et
1686 2368 1820 2400 contra

1109 2435 1174 2459 eos
1206 2425 1403 2468 disserere,
1435 2423 1498 2468 qui
1530 2433 1662 2458 verum
1695 2433 1734 2458 se
1768 2422 1819 2456 in-

1108 2482 1260 2516 venisse
1290 2481 1477 2516 iactarent
1504 2480 1538 2515 II
1565 2480 1644 2523 682,
1670 2480 1820 2522 3—683,

1109 2539 1164 2573 27.
1217 2538 1431 2574 Stoicorum
1472 2541 1510 2572 et
1548 2537 1820 2582 Epicureorum

1110 2596 1213 2630 litem
1244 2599 1427 2631 conantes
1458 2594 1666 2630 diiudicare
1696 2593 1821 2629 occul-

1110 2652 1243 2687 tabant
1290 2652 1518 2687 sententiam
1564 2651 1738 2686 veritatis
1784 2653 1822 2685 et

1112 2710 1259 2745 illorum
1291 2720 1430 2744 vanam
1460 2709 1500 2744 in
1530 2708 1698 2744 falsitate
1729 2708 1821 2743 fidu-

1111 2767 1208 2802 ciam
1241 2766 1523 2802 convincebant
1552 2769 1590 2802 et
1620 2765 1821 2811 redargue-
