2078 3054
318 149 373 190 54
415 167 417 169 ’
958 158 1095 192 lndex
1123 158 1197 192 lll.

314 275 467 310 'sentius
488 275 525 310 in
545 274 711 318 epistula
732 274 998 318 expetivisset,
1020 274 1068 309 ad
1090 285 1134 309 ea
1159 274 1416 319 Augustinum
1438 275 1572 310 credat
1593 274 1835 319 rescripsisse

321 333 414 368 libro
454 335 589 367 eontra
626 332 878 375 mendacium,
918 331 1141 376 praesertim
1182 342 1279 375 cum,
1317 342 1364 366 ex
1402 342 1478 376 quo
1518 333 1611 367 haec
1652 332 1839 377 rescripta

321 390 646 434 prae-paravisset,
671 401 812 424 annum
839 400 1034 425 emensum
1061 400 1145 425 esse
1174 390 1256 434 ipse
1283 390 1430 429 dicat.¹)
1471 401 1569 435 quae
1599 391 1630 425 si
1658 390 1709 425 ita
1737 395 1837 434 sunt,

320 448 488 492 epistula
510 448 577 482 205
602 448 693 483 data
719 453 777 483 est
802 447 953 482 circiter
980 458 1123 482 annum
1147 452 1236 483 ante
1261 448 1397 483 librum
1424 452 1559 483 contra.
1583 448 1836 492 mendacium,

320 516 431 550 quem
461 505 605 541 editum
635 516 718 542 esse
750 505 950 548 perhibent
980 516 1013 540 a.
1044 505 1160 541 ferme
1192 506 1270 540 420.
1313 505 1372 540 cui
1402 506 1567 549 tempori
1596 506 1651 541 ita
1678 505 1837 541 definito

322 574 396 599 non
431 567 632 609 repugnat,
665 573 787 607 neque
822 563 923 607 quod
958 562 1197 608 Augustinus
1232 563 1366 597 librum
1402 563 1449 598 de
1482 563 1555 598 fide
1589 567 1625 597 et
1661 562 1839 608 operibus

321 621 637 665 commeniorat,²)
680 632 791 668 quem
832 621 906 655 iam
949 621 1104 656 ineunte
1146 631 1247 656 anno
1287 621 1353 656 413
1393 626 1675 665 composuerat,
1715 632 1838 666 neque

320 680 423 725 quod
465 679 718 724 quietioribus
760 683 796 714 et
840 678 1170 724 tranquillioribus
1213 679 1325 714 rebus
1369 679 1545 714 humanis
1589 679 1838 714 Consentium

321 737 442 772 oculis
476 747 515 772 se
551 736 723 772 visurum
757 747 840 772 esse
875 742 1016 781 sperat,
1049 741 1089 772 ut
1124 737 1161 771 id
1196 737 1380 772 honestae
1418 737 1592 771 caritatis
1627 737 1678 771 sit
1710 738 1839 781 potius

322 805 434 840 quam
466 795 651 830 molestae
680 794 982 839 necessitatiszss)
1016 805 1104 830 nam
1134 794 1323 838 Hispania
1351 795 1426 830 iam
1457 806 1524 838 per
1555 795 1687 830 decem
1717 805 1840 830 annos

322 853 596 897 Vandalorum‚
630 852 854 896 Gothorum,
889 852 1049 887 aliarum
1086 853 1257 897 gentium
1294 853 1580 898 inruptionibus
1614 853 1840 888 vexabatur.

463 909 518 946 De
551 914 723 954 tempore
757 910 946 955 epistulae
979 911 1048 946 206
1083 910 1178 944 nihil
1211 910 1288 945 dici
1322 915 1461 954 potest,
1497 910 1571 945 nisi
1605 911 1708 956 quod
1742 920 1841 945 eom-

323 969 555 1004 mendaticia
582 973 639 1004 est
665 969 714 1004 ad
742 968 904 1003 eundem
934 968 1130 1003 Valerium
1158 968 1335 1004 comitem
1363 968 1466 1012 data,
1496 969 1545 1004 ad
1573 979 1684 1014 quem
1714 968 1842 1013 Augu-

324 1027 448 1062 stinus
472 1031 657 1071 extremo,
681 1031 723 1061 ut
747 1026 913 1070 videtur,
939 1037 972 1061 a.
997 1026 1065 1061 418
1091 1026 1228 1061 librum
1255 1027 1419 1070 priorem
1446 1027 1493 1062 de
1519 1026 1665 1070 nuptiis
1691 1030 1729 1062 et
1754 1036 1842 1061 con-

324 1084 563 1128 cupiscentia
591 1084 693 1119 misit
721 1084 833 1119 simul
858 1094 942 1119 curn
971 1084 1138 1128 epistula
1163 1084 1241 1128 200,
1268 1088 1307 1119 ut
1335 1094 1450 1128 supra
1477 1084 1656 1119 vidimus.

465 1142 642 1186 Epistula
675 1143 744 1178 207
778 1153 856 1177 una
894 1153 978 1177 cum
1016 1142 1122 1177 libris
1159 1152 1225 1177 sex
1263 1147 1395 1176 contra
1435 1142 1636 1185 Iulianum,
1673 1142 1842 1177 haeresis

324 1200 557 1245 Pelagianae
596 1200 850 1244 defensorem,
889 1201 937 1235 ad
978 1200 1202 1244 episcopum
1242 1200 1444 1235 Claudium
1484 1200 1603 1234 missa
1642 1204 1714 1235 est:
1758 1200 1842 1234 illos

325 1263 451 1293 autem
478 1258 595 1293 libros
620 1258 857 1302 perscriptos
885 1268 968 1293 esse
994 1262 1147 1293 constat
1171 1268 1204 1292 a.
1229 1258 1295 1292 421
1322 1262 1389 1293 aut
1416 1257 1529 1302 paulo
1559 1262 1658 1301 post.

468 1316 645 1360 Epistula
672 1316 741 1352 208
767 1320 805 1352 et
831 1316 911 1351 209.

468 1373 645 1418 Epistula
679 1374 747 1409 209
785 1374 1025 1419 Augustinus
1062 1373 1281 1409 Caelestino
1317 1373 1481 1418 primum
1521 1373 1739 1419 gratulatus
1776 1378 1845 1416 est,

326 1432 427 1477 quod
456 1432 651 1467 Bonifatio
679 1442 783 1476 papa
812 1431 935 1475 pridie
963 1431 1061 1467 Non.
1089 1431 1325 1476 Septembris
1351 1443 1385 1467 a.
1412 1431 1480 1466 422
1508 1436 1659 1466 mortuo
1687 1432 1725 1466 in
1755 1431 1844 1466 sede

327 1490 542 1533 apostolica
570 1479 719 1525 cunctis
747 1489 942 1535 suffragiis
971 1494 1053 1525 erat
1081 1490 1328 1535 constit-utus,
1355 1489 1456 1525 unde
1486 1489 1601 1533 paulo
1631 1493 1720 1532 post
1747 1489 1844 1523 hanc

326 1547 531 1591 epistulam
566 1548 748 1592 scriptam
783 1558 866 1583 esse
901 1552 1064 1583 constat.
1110 1547 1249 1583 deinde
1283 1547 1571 1582 Fussalensium
1605 1557 1772 1589 causam,
1807 1546 1845 1581 in

326 1615 402 1650 qua
449 1605 522 1640 iam
568 1605 785 1640 Bonifatius
830 1605 956 1641 fuerat
1000 1604 1255 1650 occupatus,⁴)
1304 1610 1346 1640 ut
1390 1616 1504 1650 quam
1549 1604 1845 1649 diligentissime

328 1666 580 1707 cognosceret
612 1666 727 1708 atque
760 1663 959 1705 iudicaret,
993 1663 1027 1698 ei
1060 1662 1355 1698 commendavit.
1401 1663 1540 1698 etenim
1572 1662 1732 1697 Fussala
1765 1665 1846 1697 erat

327 1721 526 1756 castellum
554 1720 812 1766 Hipponiensi
841 1721 1035 1756 territorio
1064 1720 1224 1757 confine.
1265 1732 1410 1766 paucos
1438 1722 1622 1756 habuerat
1653 1721 1716 1755 illa
1744 1725 1846 1755 terra

328 1779 553 1814 catholicos:
594 1783 742 1814 ceteras
782 1779 913 1823 plebes
953 1779 1244 1814 Donatistarum
1288 1779 1457 1814 haeresis
1497 1779 1726 1814 obtinuerat.
1779 1779 1845 1813 sed

330 1841 534 1881 postquam
566 1837 715 1881 magnis
748 1836 942 1871 laboribus
977 1840 1015 1871 et
1048 1837 1226 1881 perieulis
1261 1841 1387 1871 actum
1423 1839 1516 1880 erat,
1551 1839 1591 1870 ut
1627 1836 1749 1871 omnis
1784 1835 1848 1870 illa

328 1900 430 1929 tcrra
460 1895 509 1930 ad
540 1895 767 1930 catholicam
798 1905 836 1930 se
867 1895 1080 1938 applicaret
1110 1894 1325 1939 eeclesiam,
1353 1895 1593 1939 Augustinus
1621 1894 1846 1938 episcopum

330 1953 381 1988 ibi
405 1953 662 1988 ordinandum
687 1953 1076 1998 constituendumque
1102 1952 1251 1989 censuit
1279 1957 1316 1988 et
1341 1952 1627 1988 adulescentem
1656 1952 1847 1997 quendam

330 2011 565 2045 Antoninum
600 2010 878 2055 designandum
914 2010 1106 2054 curavit.⁵)
1141 2021 1274 2045 verum
1311 2010 1528 2045 Antoninus
1564 2010 1626 2044 illa
1660 2009 1849 2054 dignitate

330 2079 369 2103 se
405 2068 714 2112 indignissimum
748 2068 923 2112 praebuit
959 2073 994 2103 et
1030 2079 1091 2103 res
1124 2068 1174 2103 ad
1207 2072 1357 2103 tantum
1394 2068 1617 2103 scandalum
1653 2067 1772 2109 venit,
1806 2072 1845 2101 ut

330 2127 367 2161 in
409 2126 536 2161 causis
576 2126 750 2161 dicendis
792 2130 1010 2170 stuprorum
1052 2126 1214 2161 crimin'a
1253 2126 1448 2171 capitalia,
1489 2125 1742 2161 intolerabilis
1783 2125 1848 2160 do-

331 2184 502 2227 minatio,
527 2184 698 2228 rapinae,
728 2184 1013 2228 oppressiones.
1040 2184 1292 2219 contritiones
1319 2184 1352 2219 ei
1379 2184 1622 2219 obicerentur
1649 2188 1685 2219 et
1712 2184 1849 2218 Fussa-

334 2242 456 2276 lenses
491 2241 621 2277 dolore
658 2242 770 2277 iusto.
806 2245 845 2276 ut
882 2241 953 2276 sibi
988 2245 1194 2286 praeesset.
1230 2242 1327 2276 ferre
1363 2241 1516 2276 omnino
1552 2252 1592 2276 se
1627 2252 1701 2275 non
1737 2251 1849 2285 posse

332 2299 591 2342 ostenderent,
616 2310 663 2335 ne
687 2309 772 2334 eum
798 2309 867 2334 suo
892 2299 1068 2344 illiusque
1093 2299 1264 2344 periculo
1289 2300 1326 2334 in
1351 2300 1507 2344 aliquod
1534 2299 1658 2334 scelus
1686 2299 1848 2334 forsitan

332 2362 550 2400 erumperet
577 2356 807 2400 inpatientia
836 2358 894 2392 sui
923 2357 1110 2402 d(›loris.“)
1151 2362 1261 2402 rogat
1291 2357 1407 2402 igitur
1439 2357 1679 2402 Augustinus
1708 2368 1848 2402 papam

334 2415 603 2458 Caelestinum,
630 2419 672 2449 ut
700 2415 781 2450 eius
811 2416 1113 2450 misere'corcliam
1141 2416 1292 2460 utrique
1321 2419 1550 2456 mereantur,
1581 2416 1646 2457 illi,
1676 2426 1721 2449 ne
1751 2416 1850 2449 mala

334 2474 544 2517 patiantur,
572 2474 656 2515 iste,
684 2483 731 2508 ne
758 2473 889 2515 saciat,
917 2473 983 2515 illi,
1015 2483 1061 2508 ne
1089 2473 1242 2508 oderint
1269 2474 1510 2515 catholicam,
1538 2474 1572 2508 se·
1599 2484 1621 2508 α
1650 2474 1850 2508 catholicis

335 2531 529 2576 episcopis
553 2532 794 2576 mazimeque
818 2531 866 2565 ab
890 2531 973 2575 ipsa
998 2531 1089 2566 sede
1113 2531 1328 2575 apostolica
1356 2534 1490 2566 contra
1517 2532 1747 2566 catholicum
1775 2542 1850 2566 non

476 2658 505 2702 ¹)
535 2658 631 2703 Aug.
656 2662 792 2693 contra
814 2659 1056 2694 mendacium
1082 2659 1112 2703 1,
1137 2659 1152 2693 1
1184 2659 1327 2704 (Migne
1352 2658 1488 2703 patrol.
1512 2658 1578 2693 lat.
1606 2658 1670 2692 XL
1695 2669 1730 2702 p.
1753 2658 1850 2694 517³».

476 2715 506 2759 ‘·'j)
536 2726 571 2759 p.
594 2716 674 2760 338,
701 2710 873 2760 224339.
898 2718 930 2751 3.
1165 2716 1194 2761 ³)
1223 2726 1259 2760 p.
1283 2716 1362 2760 324,
1387 2716 1489 2751 5-8,
1669 2762 1675 2766 ⁴

476 2773 505 2817 ⁴)
535 2783 570 2816 p.
596 2773 675 2818 350,
702 2774 852 2817 15—16;
879 2774 958 2819 351,
988 2774 1135 2809 22-24.
1347 2774 1376 2818 ⁵)
1407 2784 1442 2817 p.
1467 2774 1547 2809 348.
1576 2774 1722 2817 1—349,
1748 2775 1780 2809 8.

477 2832 505 2864 ὓ)
535 2841 570 2875 p.
598 2832 677 2875 349,
708 2831 878 2876 12-350,
908 2831 938 2867 2,
