2078 3054
949 151 1092 188 Index
1116 150 1161 187 V.

327 266 402 304 121.
438 266 489 301 12.
523 266 600 310 122,
635 266 663 301 1.
698 270 841 301 sectam
873 266 1035 309 impera-

324 329 427 359 tores
469 334 551 359 eam
595 324 891 368 appellaverunt
931 323 1035 360 dete-

1749 140 1832 183 293

1119 265 1171 300 IV
1217 266 1294 309 168,
1340 268 1372 304 8.
1419 267 1464 303 de
1511 267 1647 313 quibus
1693 268 1741 303 ad
1787 268 1831 303 A.

1122 323 1274 368 scripsit
1304 325 1353 358 IV
1384 326 1462 368 175,
1493 326 1522 360 1.

325 381 499 417 stabilem
542 381 594 416 IV
632 382 710 426 298,
750 382 781 417 8.
822 381 915 416 nihil
955 385 1034 416 tam
1075 380 1337 426 Pelagius
1378 382 1533 418 Terenti
1577 383 1829 429 distinguitur

325 439 494 485 iniquum
524 444 651 483 potest
678 450 773 483 esse,
802 440 895 474 dicit
922 439 1035 474 Inno-

1120 449 1141 473 a
1172 438 1328 484 Pelagio
1359 440 1515 476 Britone
1545 440 1597 475 IV
1627 442 1682 485 45,
1714 442 1745 476 9.

323 497 482 540 centius,
514 502 592 532 tam
622 498 836 541 barbarum,
867 502 945 532 tam
979 501 1034 532 to·
1071 495 1333 542 Pelagius
1362 498 1569 543 episcopus
1599 499 1636 534 in
1667 499 1830 534 concilio

322 555 398 589 tius
456 554 653 599 religionis
712 555 898 599 ignarum,
955 558 1032 589 tam

1118 554 1414 599 Carthaginensi
1446 556 1572 591 adfuit
1602 556 1656 591 III
1687 557 1767 600 653,
1797 558 1829 591 5.

321 612 550 648 Christianis
598 613 789 648 mentibus
838 613 1032 648 inimicum
1073 612 1100 646 P
1115 612 1160 647 el
1176 623 1198 647 a
1213 623 1229 648 s
1244 624 1268 658 g
1283 624 1306 648 u
1321 624 1375 648 m*
1399 619 1572 649 veterum
1615 621 1829 650 commenta

321 681 434 715 quam
474 671 606 716 Pelagi
647 671 824 706 doctrina
862 670 915 704 III
954 671 1032 713 706,

320 729 351 769 2,
395 728 488 763 nihil
534 732 612 764 tam
657 728 908 773 mortiferum,
953 732 1030 763 tam

1119 669 1134 703 I
1186 670 1241 714 89,
1296 671 1349 706 18.
1414 682 1573 716 regnum
1625 671 1827 718 Pelasgum

1117 728 1185 773 (ex
1219 728 1336 772 coni.)
1372 728 1388 763 I
1423 729 1478 773 94,
1514 730 1544 765 5.

1075 785 1377 821 Pentadius
1420 787 1623 831 episcopus
1667 788 1700 821 in
1745 799 1832 823 con-

1119 842 1205 877 cilio
1261 842 1552 889 Carthaginensi
1605 845 1730 879 adfuit
1780 845 1831 880 III

322 797 506 830 praeceps
531 786 685 821 videtur
710 787 758 822 ad
786 796 928 827 casum,
952 789 1029 821 tam

320 844 538 887 expositum
560 845 609 879 ad
633 845 763 879 omnia
783 844 953 888 pericula
977 843 1029 879 111

320 903 396 945 707,
428 902 460 937 8.
492 902 820 946 perniciosissima
850 902 1030 945 haeresis,
1116 899 1196 945 653,
1222 900 1256 935 4.

320 960 440 1005 inquit
485 959 753 1005 Hieronymus,
796 971 893 1005 quae
936 970 1030 995 sem-
1071 956 1097 990 P
1113 967 1131 991 e
1147 958 1333 1001 regrin
1350 969 1372 992 u
1389 969 1404 993 s
1436 958 1622 994 diaconus
1654 960 1696 994 A.
1729 970 1827 995 com-

319 1027 387 1061 per
437 1018 589 1053 simulat
640 1018 929 1062 paenitentiam,
989 1023 1029 1052 ut

319 1075 484 1111 docendi
521 1076 558 1110 in
592 1075 765 1111 ecclesiis
802 1076 937 1111 habeat
977 1076 1030 1110 fa—

319 1133 514 1177 cultatem,
547 1144 605 1170 ne.
638 1134 669 1168 si
704 1140 838 1177 aperta
873 1144 911 1169 se
946 1134 1028 1169 luce

319 1191 543 1235 prodiderit,
575 1191 668 1226 foris
700 1192 863 1235 expulsa
894 1192 1029 1227 moria-

319 1253 379 1283 tur
410 1249 464 1284 ΙΙΙ
492 1249 571 1292 638,
601 1249 632 1284 3.
662 1249 842 1294 Pelagius
871 1256 905 1285 et
938 1249 1028 1285 Cae-

318 1306 451 1341 lestius
488 1307 650 1350 gratiam
687 1317 762 1342 non
799 1311 929 1351 aperte
967 1318 1030 1352 op-

318 1374 490 1409 pugnare
528 1365 724 1400 audebant.
761 1365 814 1399 III
852 1365 930 1407 656,
970 1366 1026 1400 14:

318 1423 363 1463 cf.
391 1422 468 1461 273,
495 1423 526 1457 2.
554 1423 633 1461 638.
658 1423 690 1457 3.
715 1422 794 1465 662,
823 1423 852 1458 1.
871 1423 957 1471 691,
984 1423 1027 1458 23

316 1484 430 1524 atque
467 1480 547 1515 fieri
583 1491 697 1524 posse
734 1481 952 1524 puta-batur,
986 1484 1025 1515 ut

317 1537 471 1581 scripta,
497 1548 594 1583 quae
623 1538 792 1582 ipsorum
818 1549 901 1574 esse
927 1539 1026 1574 dice-

316 1599 456 1633 rentur.
502 1606 571 1630 sua
615 1607 698 1631 esse
743 1602 926 1642 negarent
972 1596 1025 1631 III

314 1653 393 1693 662,
427 1653 458 1688 2.
493 1654 571 1693 675,
606 1654 658 1688 19.
691 1654 769 1697 683,
807 1655 858 1689 13.
894 1654 1025 1699 Pelagi

315 1711 490 1746 novellus
541 1716 578 1746 et
630 1712 869 1755 perniciosus
921 1722 1025 1747 error

315 1769 578 1804 ecclesiastica
658 1770 888 1805 auctoritate
967 1775 1023 1805 est

314 1836 557 1870 compressus
596 1827 645 1861 lv
680 1828 734 1871 47,
771 1827 827 1863 15:
864 1828 910 1867 cs.
945 1828 1023 1866 389.

316 1884 367 1918 11.
399 1884 505 1919 libris
537 1890 575 1919 et<
606 1885 648 1919 Α.
680 1889 715 1919 et
746 1885 906 1920 aliorum
939 1895 1022 1920 curn

314 1946 447 1976 contra
473 1942 570 1976 alios
596 1947 674 1977 tum
699 1943 864 1978 maxime
890 1947 1023 1978 contra

314 1999 543 2044 Pelagianos
590 2000 778 2035 catholica
826 2000 920 2036 fides
967 2005 1021 2036 tot

313 2057 424 2091 annis
454 2062 509 2092 est
541 2057 702 2092 defensa
730 2057 781 2091 IV
810 2058 888 2102 478,
916 2060 962 2093 4.'
981 2059 1022 2093 A.

314 2129 352 2154 se
419 2119 618 2162 scripsisse
681 2119 773 2154 dicit
838 2120 1021 2163 grandem

313 2180 503 2224 quendam
546 2180 682 2216 librum
726 2181 913 2216 adversus
956 2182 1022 2216 Pe-

312 2240 389 2286 la-gi
432 2241 618 2277 haeresim
661 2244 886 2288 cogentibus
931 2254 1022 2279 non-

314 2302 427 2338 nullis
471 2303 663 2341 fratribus.
708 2305 844 2350 quibus
888 2310 1021 2341 contra

311 2364 475 2408 gratiam
509 2364 649 2399 Christi
686 2366 905 2409 opinionem
940 2378 1023 2411 per-

313 2424 495 2460 niciosam
547 2426 609 2461 ille
661 2427 916 2471 persuasisset
967 2427 1021 2463 III

311 2486 389 2526 621,
418 2486 472 2520 20.
501 2485 725 2532 Hieronymi
751 2489 929 2534 dialogus
957 2490 1022 2524 ad-

311 2557 445 2582 versus
491 2547 721 2593 Pelagianos
767 2549 820 2584 III
865 2551 944 2596 638,
992 2552 1020 2586 1.

311 2606 567 2652 Hieronymus
611 2619 707 2652 opus
753 2611 822 2646 sub
869 2612 1020 2648 nomine

311 2666 496 2703 Critobuli
565 2669 752 2705 adversus
822 2671 1018 2718 Pelagium

309 2728 420 2761 modo
441 2728 559 2763 edidit
579 2729 631 2764 111
651 2731 730 2774 700,
750 2732 781 2766 2.
801 2732 1021 2769 Mercatoris

311 2787 404 2824 liher
436 2789 621 2827 adversus
654 2802 776 2828 novos
809 2794 1022 2830 haereticos

1066 2052 1286 2087 Persae:

1115 1015 1372 1060 monitorium,
1411 1021 1452 1051 ut
1491 1016 1713 1052 Marcellino
1752 1022 1826 1053 tra-

1115 1073 1281 1117 deretur,
1313 1074 1463 1118 accepit
1495 1074 1550 1108 111
1582 1075 1657 1118 150,
1690 1076 1746 1119 15;
1780 1076 1825 1116 cf.

1117 1131 1193 1174 154,
1228 1132 1259 1166 6.
1297 1142 1407 1176 quem
1444 1132 1539 1167 dicit
1575 1133 1631 1173 A..
1667 1144 1713 1168 ex
1752 1143 1825 1178 quo

1114 1189 1161 1224 ab
1213 1189 1296 1233 ipso
1346 1189 1543 1233 profectus
1592 1196 1695 1226 esset
1741 1202 1824 1226 curn

1116 1246 1278 1291 Urbano,
1351 1247 1504 1292 quando
1577 1249 1825 1293 episcopatus

1115 1305 1303 1339 sarcinam
1380 1306 1506 1341 subire
1579 1307 1824 1350 perrexisset,

1113 1355 1280 1397 nonflum
1320 1363 1552 1399 remeavisse
1591 1363 1823 1409 Hipponem:

1114 1419 1243 1454 salvos
1268 1430 1333 1455 eos
1359 1425 1487 1456 tamen
1512 1432 1595 1459 esse
1621 1433 1660 1458 se
1685 1432 1824 1468 cogno-

1113 1476 1215 1513 visse
1243 1477 1297 1511 III
1324 1479 1403 1523 380,
1431 1479 1462 1514 5.

1160 1534 1263 1570 Idem
1303 1536 1466 1572 fortasse
1505 1543 1596 1573 erat.
1635 1549 1745 1583 quem
1787 1538 1822 1572 in

1113 1603 1170 1636 ep.
1200 1593 1248 1628 ad
1278 1593 1484 1630 Maximum
1514 1595 1604 1630 data
1636 1601 1708 1641 (ep.
1740 1597 1819 1631 170»

1112 1650 1275 1695 Alypius
1307 1656 1344 1686 et
1378 1652 1420 1687 A.
1453 1653 1724 1696 coepiscopum
1758 1664 1823 1698 ap-

1112 1708 1257 1751 pellant
1286 1708 1338 1743 111
1367 1710 1445 1751 622,
1476 1711 1507 1745 6.
1536 1711 1614 1755 631,
1642 1712 1664 1745 6
1689 1716 1724 1747 et
1755 1722 1821 1756 pu-

1112 1765 1197 1800 silla
1231 1776 1288 1810 ep.
1327 1768 1390 1801 171
1427 1773 1576 1813 rogant,
1613 1774 1655 1804 ut
1689 1770 1822 1804 rescri-

1110 1824 1226 1867 beret,
1262 1835 1349 1860 num
1385 1825 1530 1870 aliquid
1565 1827 1669 1870 apud
1705 1827 1821 1862 Maxi-

1111 1891 1210 1915 mum
1230 1882 1512 1926 'profecissent.

1065 1937 1091 1971 P
1107 1948 1125 1972 e
1141 1949 1157 1972 r
1172 1949 1191 1973 e
1206 1949 1231 1983 g
1245 1949 1260 1973 r
1276 1939 1286 1973 i
1301 1949 1325 1972 n
1340 1949 1363 1973 u
1379 1950 1395 1974 s
1422 1949 1548 1975 comes
1573 1941 1623 1975 ab
1646 1942 1689 1976 A.
1715 1942 1823 1977 mira-

1111 1995 1185 2029 culi
1218 1996 1327 2031 testis
1361 1997 1562 2033 adhibetur
1596 1998 1646 2032 IV
1679 1999 1757 2035 482.
1791 2000 1823 2034 9.

1342 2054 1444 2098 apud
1498 2055 1646 2091 Persas.
1701 2056 1821 2100 inquit

1109 2108 1165 2152 A.,
1199 2110 1440 2155 evangelium
1474 2111 1548 2146 iarn
1580 2112 1643 2147 diu
1677 2112 1822 2156 praedi-

1109 2170 1217 2201 catur
1244 2166 1278 2201 II
1305 2168 1383 2211 467,
1411 2168 1466 2203 22.

1064 2223 1284 2259 Persius
1326 2225 1372 2260 de
1414 2226 1580 2261 mantica
1622 2227 1746 2262 aliena
1787 2228 1819 2262 lI

1108 2280 1186 2324 242,
1216 2282 1248 2316 4.
1280 2282 1343 2317 alii
1376 2282 1545 2319 eiusdem
1576 2285 1756 2319 versiculi
1787 2285 1819 2320 II

1106 2338 1185 2381 667,
1217 2340 1269 2373 18.
1300 2339 1349 2373 lv
1378 2340 1458 2377 505.
1489 2341 1519 2375 2.

1062 2405 1176 2438 pes:
1215 2396 1260 2431 de
1297 2396 1472 2432 lavandis
1512 2398 1669 2443 pedibus
1707 2410 1820 2444 quae-

1107 2453 1179 2487 stio
1215 2457 1253 2487 et
1286 2454 1416 2489 variae
1453 2457 1749 2493 consuetudines
1785 2457 1818 2491 11

1106 2509 1184 2549 207,
1214 2511 1267 2544 17.

1060 2568 1251 2604 Petrus
1303 2572 1500 2615 apostolus
1554 2571 1660 2608 Pauli
1713 2585 1818 2618 prae-

1106 2637 1234 2662 cessor
1269 2628 1301 2662 II
1337 2629 1415 2671 297,
1451 2630 1493 2664 15
1528 2630 1677 2674 (Ilien).
1714 2631 1816 2666 Chri-

1105 2687 1186 2718 stus
1249 2684 1463 2720 Cornelium
1526 2698 1591 2731 per
1653 2688 1815 2732 priorem

1103 2740 1256 2776 Petrum
1300 2743 1430 2777 docuit
1473 2749 1510 2779 et
1553 2744 1706 2780 Petrum
1751 2756 1816 2791 per

1104 2798 1351 2841 posteriorem
1383 2800 1538 2836 Paulum
1570 2801 1622 2836 III
1650 2803 1729 2845 559,
1761 2803 1813 2837 12.
