2078 3054
320 123 515 159 LXXXVI
957 121 1201 156 Praefatio.

317 242 470 282 claram
509 240 690 282 offerunt
726 239 1002 281 occasionem.
1045 251 1129 292 qua
1166 242 1338 293 captata
1374 238 1466 280 Car.
1501 238 1613 280 Vrba
1654 238 1840 281 ostendit

317 305 531 346 Maurinos
568 317 651 345 non
691 316 795 354 earn,
839 316 965 357 quam
997 302 1260 352 debuissent,
1297 301 1546 344 adhibuisse
1576 300 1841 356 diligentiam

316 375 358 410 et
378 368 521 410 multis
542 367 748 421 exemplis
769 365 1078 409 demonstravit
1100 379 1162 417 ea,
1196 379 1303 418 quae
1326 366 1572 417 scriberent,
1594 366 1841 421 saepissime

317 432 464 474 leviter
495 431 854 486 neglegenterque
887 443 981 473 esse
1003 430 1256 484 perscripta3
1289 429 1429 473 varias
1451 446 1517 474 res
1539 445 1611 475 eos
1632 446 1840 475 nonnum-

317 509 443 549 quam
474 500 630 536 temere
662 494 928 548 copulavisse
959 506 1010 534 ac
1041 492 1299 545 confudisse,
1342 495 1544 537 nonnulla
1581 510 1634 537 ex
1665 495 1842 538 libidine

317 565 462 601 contra
507 557 698 599 codicum
744 558 1037 599 auctoritatem
1084 556 1272 608 finxisse,
1322 571 1429 610 quae
1476 559 1843 602 commemoranda

317 623 510 675 fuissent,
544 621 892 676 praetermisisse,
934 621 1019 661 alia
1049 620 1103 661 ad
1135 619 1355 662 arbitrium
1386 621 1661 677 addidissel)
1704 637 1842 676 neque

317 701 416 728 vero
458 686 500 727 in
539 676 755 727 Vaticanis
797 689 959 726 tantum
1007 684 1125 726 libris
1167 684 1225 725 ita
1266 686 1422 727 versati
1465 691 1575 728 sunt.
1624 687 1842 741 egregium

317 751 428 792 enim
461 749 735 804 epistularum
771 747 956 790 codicem
990 748 1266 790 Casinensem
1296 749 1344 789 16
1376 750 1547 793 novisse
1580 750 1749 804 quidem
1772 764 1843 793 eos

317 829 354 869 p.
392 813 519 855 XXII
572 812 759 854 diximus
811 825 949 865 neque
1000 816 1140 854 tamen
1184 812 1368 866 amplius
1410 826 1504 856 esse
1547 818 1841 869 perscrutatos.

317 878 504 921 codicem
536 876 847 919 Bononiensem
868 876 937 928 58,
973 876 1026 916 12
1047 875 1076 918 S
1108 875 1228 929 (corr.
1256 876 1370 930 125),
1404 891 1528 930 quern
1551 879 1842 921 Bertinensem

317 943 441 996 longe
483 934 896 996 praestantissimum
937 939 1166 994 appellant,
1214 940 1468 994 primoribus
1509 947 1674 983 tantum
1714 942 1844 984 labris

317 1011 515 1060 gustasse
555 1003 746 1059 inprimis
785 1016 837 1045 ex
877 1003 1071 1058 epistulis
1116 1003 1194 1044 119
1231 1009 1272 1045 et
1307 1004 1388 1045 120
1425 1006 1691 1063 perspicitur,
1735 1019 1844 1059 quae

317 1073 515 1111 accurata
545 1068 660 1116 illius,
690 1066 847 1109 codicis
879 1067 1120 1121 cognitione
1152 1067 1301 1109 mirum
1329 1074 1533 1121 quantum
1557 1069 1843 1124 profecerunt;

317 1133 370 1175 ad
404 1146 469 1187 ep.
498 1131 578 1173 120
610 1145 649 1186 p.
675 1131 769 1182 713,
813 1132 839 1171 4
870 1135 911 1172 et
943 1132 994 1171 21
1030 1131 1156 1172 etiam
1191 1131 1297 1174 falsa
1327 1132 1519 1174 referunt
1550 1134 1843 1176 Bertinensem

317 1198 470 1239 librum
500 1196 634 1249 finitis
667 1199 707 1237 et
738 1195 867 1237 oblita
898 1194 1056 1237 habere
1087 1194 1362 1239 adfirmantes
1395 1201 1436 1239 et
1466 1198 1508 1238 in
1542 1198 1725 1253 epistula
1750 1198 1843 1250 193,

319 1274 444 1314 quam
475 1264 603 1301 antea
633 1260 892 1314 incognitam
924 1273 976 1301 ex
1010 1259 1158 1301 eodem
1192 1259 1336 1302 codice
1369 1261 1490 1315 primi
1522 1262 1575 1314 in⁴
1594 1262 1730 1303 lucem
1752 1275 1844 1316 pro-

318 1325 516 1376 tulerunt,
549 1328 682 1365 totum
715 1323 1025 1377 praeterierunt
1058 1323 1311 1365 versiculum
1346 1326 1403 1380 (p.
1434 1325 1526 1377 172,
1562 1326 1646 1381 1611.
1680 1325 1734 1367 ad
1757 1326 1843 1380 epi-

318 1388 471 1430 stulam
511 1387 586 1428 137
621 1401 659 1442 p.
689 1387 783 1439 106,
816 1389 842 1428 3
864 1388 1026 1429 exhibet
1044 1386 1268 1429 adnotant:
1302 1388 1356 1429 Iu
1378 1389 1567 1432 omnibus
1581 1404 1715 1442 prope
1735 1390 1844 1431 ZlIss.

320 1452 572 1502 ‘exhiberet‘;
610 1456 652 1492 at
691 1464 744 1492 ex
781 1451 885 1493 meis
924 1450 1148 1494 duodecim
1182 1450 1399 1494 codicibus
1431 1452 1514 1494 duo
1546 1453 1656 1495 inter
1687 1467 1732 1496 se
1764 1467 1845 1494 ma-

320 1517 433 1558 xime
479 1515 662 1570 cognati,
710 1515 979 1557 Monacensis
1027 1515 1139 1555 6266
1187 1521 1227 1556 ct
1272 1515 1730 1572 Audomaropolitanus
1778 1517 1845 1569 76,

318 1580 476 1622 habent
516 1579 691 1621 ‘exhibet
727 1579 831 1620 alibi
868 1579 1099 1628 exhiberet‘,
1144 1579 1270 1621 ceteri
1303 1594 1448 1622 omnes
1483 1581 1688 1632 ‘exhibet‘,·
1730 1585 1771 1623 et
1803 1581 1845 1621 in

319 1643 465 1686 eadem
498 1643 682 1698 epistula
713 1657 752 1698 p.
781 1643 873 1695 122,
920 1643 938 1682 1
976 1642 1088 1696 quod
1121 1643 1302 1685 Maurini
1336 1644 1544 1686 scribunt:
1588 1645 1699 1686 Edd.
1729 1646 1844 1686 omit-

320 1711 409 1749 tunt
441 1707 797 1761 ‘quemadmodum
830 1707 1047 1761 (Iibiyenda
1068 1711 1190 1756 sunt‘,
1226 1720 1307 1748 non
1333 1706 1594 1749 convenit'in
1618 1708 1845 1750 editionem

318 1771 550 1826 principem
594 1777 635 1812 et
667 1770 970 1813 Erasmianain.
1012 1770 1055 1811 in
1089 1770 1272 1824 epistula
1309 1771 1401 1823 175,
1435 1772 1507 1813 ubi
1540 1772 1845 1827 episcoporum,

319 1835 389 1888 qui
423 1835 464 1876 in
498 1834 672 1876 concilio
705 1834 1032 1888 Carthaginensi
1065 1833 1305 1886 adfuerant,
1338 1835 1507 1877 nomina
1533 1841 1848 1889 enumerantur,

317 1899 372 1940 ad
418 1912 570 1940 nomen
618 1899 895 1940 Rusticianus
941 1898 1149 1940 scribunt:
1204 1898 1400 1952 Plerique
1445 1900 1600 1942 codices
1646 1900 1718 1941 hoe
1766 1900 1848 1942 Ioco

321 1963 568 2012 ‘Rusticus‘;
595 1966 742 2014 postea
776 1966 913 2003 autem
944 1962 990 2003 iu
1020 1964 1218 2014 rescripto
1250 1963 1496 2012 quocerctii,
1538 1977 1644 2017 quae
1674 1967 1732 2006 est
1761 1966 1847 2017 epi-

318 2026 431 2068 stula
453 2029 548 2075 181,
583 2027 735 2067 habeut
758 2026 1048 2075 εΒαείίεὲαηοᾌ
1084 2025 1196 2079 quod
1231 2031 1454 2079 utrumque
1486 2040 1570 2069 non
1594 2031 1658 2070 est
1681 2040 1846 2080 verum3

319 2103 416 2131 nam
450 2090 491 2130 in
526 2090 709 2144 epistula
746 2089 824 2131 175
857 2103 910 2131 ex
945 2088 1185 2142 quindecim
1219 2090 1323 2132 meis
1355 2090 1474 2133 libris
1497 2104 1607 2133 unus
1629 2091 1848 2134 Parisinus

325 2153 462 2195 12220
500 2153 628 2195 habet
665 2155 864 2196 Rusticus
902 2159 943 2195 et
974 2153 1017 2195 in
1050 2153 1233 2208 epistula
1267 2154 1341 2194 181
1379 2153 1602 2196 duodecim
1634 2155 1727 2197 libri
1760 2155 1846 2210 epi-

320 2231 540 2272 scoporum
579 2217 822 2260 nominibus
860 2222 1017 2270 carent,
1060 2230 1171 2260 unus
1202 2218 1420 2260 Parisinus
1457 2218 1595 2260 12220
1633 2232 1683 2261 ea
1720 2218 1849 2260 habet

320 2295 373 2324 ex
406 2281 589 2336 epistula
625 2282 704 2322 175
736 2281 1004 2336 transcripta,
1038 2294 1163 2334 quem
1196 2280 1383 2323 codicem
1417 2282 1612 2334 Maurini,
1654 2282 1848 2335 quamvis

319 2358 497 2400 magnas
511 2344 666 2387 habeat
678 2344 956 2399 suspiciones,
971 2345 1099 2386 nimio
1111 2345 1207 2399 plus
1219 2344 1472 2387 adamarunt
1486 2345 1553 2399 (cf.
1571 2360 1608 2400 p.
1619 2346 1738 2387 XLII
1752 2346 1846 2400 sq).

319 2409 361 2449 in
400 2408 584 2463 epistula
620 2408 696 2448 177
733 2422 770 2462 p.
796 2408 892 2460 670,
926 2408 1039 2448 8-9
1078 2409 1259 2450 Maurini
1297 2409 1534 2452 certissima
1569 2409 1748 2451 lectione
1785 2423 1846 2451 re—

319 2472 419 2513 licta
460 2472 644 2526 amplexi
688 2477 786 2514 sunt
828 2472 961 2514 aliam
997 2486 1047 2514 ex
1077 2473 1164 2515 Ms.
1198 2473 1326 2515 Oxou.
1355 2474 1622 2515 substitutam
1656 2489 1680 2514 α
1713 2473 1766 2515 R.
1795 2474 1847 2515 12.

323 2535 553 2588 (quesnelio,
588 2537 653 2577 ‹veu'
689 2535 858 2590 ztulyata
891 2535 1006 2578 lectio
1038 2536 1334 2578 contumeliosa
1367 2538 1410 2578 in
1442 2537 1681 2579 Romanum
1707 2538 1846 2589 ponti-

381 2697 406 2738 ¹)
449 2696 643 2741 „Beitriige
677 2708 739 2730 zur
771 2697 992 2732 Geschicbte
1025 2698 1089 2733 ‹lcr
1120 2698 1436 2743 Augustiniscben
1469 2697 1745 2733 Textcskritik⁴⁴
1786 2698 1848 2740 (cf.

322 2748 664 2792 Sitzungsberichtc
691 2749 757 2783 der
784 2749 874 2783 kais.
893 2749 1102 2785 Akademie
1121 2751 1187 2785 der
1206 2750 1522 2785 wissenschaften
1542 2750 1577 2784 in
1598 2750 1704 2785 Wien
1723 2749 1846 2784 cxix

325 2803 410 2836 1889
437 2811 470 2844 Ι).
489 2803 656 2844 37-42).
