2078 3054
21 2826 29 2954 *93²*
24 2815 29 2823 ς

929 146 1072 182 Index
1097 144 1141 181 V.
1734 132 1818 175 285

310 261 487 306 propriae
518 261 731 297 voluntatis
760 260 895 296 merita
925 259 1020 295 iudi-

309 320 408 354 cium
438 320 689 363 reportabunt
722 318 771 353 IV
802 319 881 362 388,
914 318 966 352 11.

356 377 411 412 De
444 388 489 413 eo
534 377 636 422 quod
671 376 810 412 Stoicis
843 376 1020 420 placebat

308 435 438 470 omnia
489 439 648 470 ·eccata
695 434 806 478 paria
852 444 935 470 esse
985 432 1019 467 ΙΙ

308 493 387 535 580,
418 493 461 527 24
518 493 645 535 vect).
678 492 755 536 591,
786 492 958 536 26—593,
989 491 1019 525 1.

312 551 392 594 594,
436 550 490 585 23.
549 550 602 584 111
647 550 725 594 592,
770 549 918 594 2—601,
965 549 1017 584 18.

308 608 483 652 quaestio
524 614 556 643 ie
587 607 917 652 inseparabilitate
946 607 1020 641 vir-

308 671 431 700 tutum
466 671 499 702 et
535 666 582 700 de
616 666 811 709 parilitate
844 670 1020 709 peccato-

310 734 391 758 rum
433 723 484 757 llI
524 723 602 767 591,
643 724 813 767 11-603,
854 723 907 757 12.
946 722 1019 757 etsi

309 792 441 816 verum
464 786 522 816 est
546 792 644 826 eum,
668 781 733 827 qui
755 781 869 816 habet
893 791 1019 825 unam,

308 849 440 874 omnes
478 839 616 874 habere
652 839 816 874 virtutes
851 844 889 874 et
922 849 1019 882 eum,

308 898 372 942 qui
418 907 531 931 unam
580 907 655 931 non
704 896 827 941 habet,
876 896 1018 931 nullam

308 954 457 997 habere,
506 964 574 989 nec
623 955 676 989 sic
724 960 886 998 peccata
931 958 1019 989 sunt

309 1012 429 1056 paria,
455 1012 556 1056 quia,
583 1012 644 1047 ubi
671 1012 794 1047 virtus
820 1012 926 1047 nulla
950 1017 1019 1056 est,

308 1069 401 1104 nihil
450 1070 603 1116 quidem
651 1075 795 1106 rectum
844 1075 902 1105 est
950 1080 1018 1105 nec

307 1132 435 1162 tamen
468 1127 554 1163 ideo
587 1138 663 1162 non
694 1133 751 1163 est
783 1138 903 1172 pravo
934 1137 1019 1172 pra-

308 1185 394 1220 vius
435 1185 675 1231 distortoque
719 1185 920 1221 distortius
965 1186 1017 1220 III

308 1243 386 1287 601,
415 1244 470 1286 143
498 1243 545 1284 cf.
572 1244 649 1287 592,
675 1244 706 1278 2.
734 1244 856 1278 virtus
882 1244 1016 1279 adesse

309 1306 448 1344 potest,
491 1311 722 1346 quamquam
766 1301 846 1336 sine
890 1301 1016 1346 aliquo

308 1363 467 1401 peccato
493 1358 554 1392 vol
583 1359 677 1393 vitio
705 1369 787 1394 esse
815 1369 925 1394 nemo
953 1369 1017 1403 po-

307 1420 380 1450 test
414 1415 465 1449 111
495 1417 572 1460 596,
604 1417 772 1453 10—597.
802 1418 854 1451 11.
880 1418 958 1461 598,
985 1418 1016 1451 3.

261 1473 288 1506 Ρ
303 1474 385 1507 ela
401 1484 425 1518 g
441 1474 450 1507 i
466 1484 486 1508 a
504 1485 525 1508 n
542 1484 564 1508 a
594 1474 829 1517 perversitas
861 1474 907 1508 IV
938 1475 1017 1519 412,

307 1531 337 1565 7.
382 1531 537 1575 spiritus
579 1532 807 1577 Pelagianae
850 1532 1019 1576 impieta-

306 1589 356 1623 tis
389 1588 439 1622 lv
471 1590 550 1632 456,
584 1590 635 1623 12.
670 1589 901 1635 Pelagianae
933 1590 1016 1625 reli-

307 1646 418 1690 quiae
450 1647 653 1691 pravitatis
683 1647 733 1681 IV
762 1648 840 1691 465,
869 1648 920 1682 11.
950 1647 1016 1682 Pe-

307 1703 483 1749 lagianae
516 1705 673 1740 semitae
706 1705 756 1738 IV
787 1705 866 1749 460,
898 1705 927 1739 1.
958 1715 1016 1739 ca-

306 1761 448 1796 tholica
478 1762 642 1797 ecclesia
670 1762 902 1808 Pelagianae
931 1762 1016 1798 hae-

308 1819 402 1854 resis
444 1830 595 1854 venena
636 1820 803 1864 reppulit
845 1820 896 1855 IV
938 1821 1016 1864 389,

310 1877 361 1911 11.
404 1877 616 1912 animarum
660 1878 911 1923 propaginem
954 1879 1016 1914 de-

308 1934 471 1968 struenti
511 1935 725 1970 cavendum
767 1940 836 1979 est,
888 1947 934 1971 ne
978 1936 1015 1970 in

306 1991 491 2026 haeresim
542 1992 789 2037 Pelagianam
840 1993 1016 2027 incautus

308 2048 475 2083 incurrat
510 2049 559 2082 lV
592 2050 670 2094 310,
703 2050 761 2093 223
795 2051 841 2091 cl.
876 2051 952 2094 157,
985 2051 1015 2085 8.

305 2106 384 2144 314,
414 2106 466 2141 11.
495 2107 573 2151 315,
600 2108 632 2141 4.

260 2166 530 2212 Pelagius.
563 2168 875 2214 Pelagiani:
911 2169 1016 2204 Pela-

306 2225 408 2269 gium
436 2226 598 2260 credidit
625 2226 679 2269 A„
706 2230 748 2261 ut
771 2226 818 2261 ab
843 2226 918 2262 alio
944 2227 1017 2261 dis-

306 2282 555 2327 tingueretur,
606 2283 670 2327 qui
720 2283 898 2328 Pelagius
949 2284 1018 2319 Te-

305 2340 414 2374 renti*
453 2340 604 2385 dicitur,
653 2341 847 2376 Britonem
898 2341 1015 2376 fuisse

306 2397 619 2440 cognominatum
654 2398 705 2432 IV
739 2398 794 2441 45,
826 2398 857 2432 9.
892 2398 1016 2433 Pauli-

307 2464 378 2488 nus
422 2454 620 2499 Pelagium
667 2460 708 2490 ut
755 2466 907 2490 servum
955 2455 1016 2491 dei

306 2510 443 2547 dilexit
482 2512 533 2546 IV
571 2513 627 2557 45,
666 2513 697 2548 9.
748 2513 928 2559 Pelagius
967 2513 1016 2548 ad

306 2568 509 2605 Paulinum
540 2570 689 2606 litteras
719 2571 838 2614 dedit,
870 2572 931 2608 ubi
962 2571 1017 2606 di-

306 2627 414 2662 cebat
450 2638 525 2662 non
561 2638 600 2664 se
634 2628 771 2664 debere
804 2629 1015 2664 existimari

307 2684 388 2720 sine
424 2686 550 2730 gratia
587 2686 646 2721 dei
683 2685 891 2723 defendere
927 2687 1015 2722 libe-

307 2752 386 2777 rum
437 2743 646 2787 arbitrium,
693 2753 776 2779 cum
826 2744 1015 2788 possibili-

306 2803 422 2834 tatem
466 2800 619 2835 volendi
662 2805 777 2846 atque
816 2803 1015 2846 operandi,

1106 260 1187 295 sine
1219 270 1295 305 qua
1326 260 1419 295 nihil
1450 260 1541 296 boni
1570 261 1669 297 velle
1700 266 1814 308 atque

1105 328 1221 362 agere
1246 318 1473 363 valeremus,
1502 330 1525 354 a
1552 325 1723 355 creatore
1752 331 1815 355 no-

1105 376 1163 410 bis
1205 376 1431 412 naturaliter
1474 377 1627 412 insitam
1670 378 1815 413 diceret

1106 433 1155 466 IV
1192 434 1248 478 46,
1284 436 1315 469 8.
1352 434 1393 469 A.
1431 446 1581 480 quoque
1617 435 1814 480 Pelagium

1104 490 1240 527 dilexit
1277 498 1324 536 m,
1361 503 1457 537 quae
1493 492 1647 528 inimica
1680 498 1718 529 et
1751 493 1814 528 ad-

1104 559 1219 584 versa
1254 550 1402 595 gratiae
1439 550 1501 585 dei
1537 551 1679 586 sentire
1715 551 1815 586 dice-

1104 607 1227 651 batur,
1259 607 1444 651 paulatim
1474 612 1635 652 tantum,
1666 614 1706 643 ut
1738 619 1815 643 cre-

1105 663 1224 709 deret,
1260 665 1450 700 adductus
1487 671 1544 701 est
1582 666 1633 700 lV
1667 667 1723 711 45,
1764 667 1814 701 13.

1106 722 1261 758 fratrem
1284 733 1391 758 suum
1414 734 1498 759 eum
1520 723 1618 759 dixit
1639 729 1675 760 et
1698 724 1813 759 filium

1106 779 1298 825 Iohannis,
1335 781 1508 825 episcopi
1545 781 1816 827 Hierosolymi-

1106 829 1186 872 tani
1206 838 1257 872 111
1280 838 1358 882 273,
1382 840 1435 874 18.
1457 839 1535 883 274,
1554 840 1587 875 3.
1609 841 1640 874 9.
1661 840 1740 884 691,
1761 839 1816 874 21.

1104 904 1162 938 ep.
1194 896 1259 930 146
1284 897 1512 931 brevissimav
1539 898 1738 941 respondit
1766 898 1814 932 ad

1104 953 1237 999 Pelagi
1272 953 1421 989 litteras
1459 955 1530 990 sibi
1566 955 1702 990 missas
1739 966 1814 990 non

1105 1011 1179 1046 iam
1206 1016 1246 1046 ut
1270 1012 1517 1047 adversarius
1542 1013 1607 1048 sed
1633 1013 1727 1048 satis
1752 1013 1814 1047 fri-

1103 1069 1191 1114 gide
1224 1074 1273 1114 et,
1303 1080 1386 1105 cum
1420 1071 1602 1106 scriberet
1635 1081 1721 1115 epp.
1739 1072 1814 1106 140.

1107 1127 1180 1162 145.
1213 1128 1288 1172 166,
1319 1128 1550 1174 Pelagianos
1581 1129 1815 1174 significavit

1103 1186 1256 1230 quidem
1300 1197 1422 1231 neque
1466 1197 1557 1222 vero
1601 1187 1815 1222 nominavit

1105 1243 1157 1277 111
1183 1244 1260 1288 231,
1286 1244 1338 1279 18.
1362 1244 1439 1287 272,
1462 1245 1516 1279 22.
1540 1246 1617 1288 554,
1643 1245 1694 1289 11,
1715 1245 1814 1279 sicut

1104 1301 1193 1336 fecit
1228 1302 1343 1336 etiam
1380 1301 1418 1335 in
1452 1302 1547 1336 libra·
1584 1303 1640 1337 ‘de
1677 1307 1815 1336 natura

1103 1364 1141 1394 et
1170 1359 1307 1404 gratia‘
1339 1358 1388 1392 IV
1420 1359 1475 1403 46,
1504 1360 1538 1395 5;
1570 1360 1744 1395 similiter
1776 1361 1813 1395 in

1103 1426 1161 1460 ep.
1179 1414 1244 1451 157
1266 1428 1381 1451 unum
1406 1417 1636 1453 Caelestium
1662 1418 1813 1453 nornine

1103 1474 1314 1518 appellavit
1346 1474 1398 1508 ΙΙΙ
1430 1475 1508 1519 471,
1538 1476 1568 1509 7.

1150 1535 1280 1581 Pelagi
1320 1535 1691 1582 Pelagianornmque
1733 1548 1815 1572 sen-

1103 1593 1260 1628 tentia-e:
1316 1594 1437 1628 Adam
1477 1594 1648 1629 mortalis
1689 1595 1814 1629 factus

1103 1650 1183 1686 sive
1223 1652 1407 1695 peccabat
1446 1652 1525 1687 sive
1567 1662 1641 1687 non
1680 1662 1814 1696 pecca-

1104 1709 1178 1752 bat,
1220 1709 1427 1744 moriturus
1470 1715 1552 1744 erat
1594 1709 1645 1744 IV
1685 1711 1738 1754 71,
1782 1711 1812 1745 1.

1103 1771 1301 1809 peccatum
1331 1767 1413 1802 eius
1440 1767 1563 1811 ipsum
1591 1767 1712 1803 solum
1739 1768 1813 1803 lae-

1103 1824 1163 1868 sit,
1191 1834 1267 1859 non
1294 1835 1416 1872 genus
1443 1826 1649 1861 humanum
1679 1826 1730 1860 IV
1757 1827 1812 1870 67,

1101 1882 1133 1916 6.
1164 1882 1218 1925 71,
1247 1883 1279 1917 3.
1311 1893 1432 1927 neque
1463 1893 1530 1927 per
1560 1890 1719 1919 mortem
1750 1884 1811 1919 vel

1102 1940 1473 1982 praevaricationem
1533 1941 1640 1976 Adae
1700 1951 1811 1977 omne

1100 2007 1221 2041 genus
1254 1997 1447 2033 hominum
1480 1999 1639 2033 moritur
1672 1999 1724 2032 IV
1758 1999 1812 2043 71,

1101 2055 1133 2098 5,
1160 2054 1264 2090 velut
1295 2055 1422 2089 Enoch
1450 2061 1487 2091 et
1515 2055 1644 2091 Helias
1672 2057 1811 2091 mortui

1102 2122 1177 2146 non
1219 2118 1307 2147 sunt
1347 2112 1398 2147 IV
1439 2113 1514 2157 170,
1558 2114 1727 2158 16—172,
1770 2115 1811 2149 19

1101 2174 1137 2204 et
1161 2169 1258 2204 alios
1280 2170 1486 2205 morituros
1509 2181 1585 2206 non
1606 2182 1689 2206 esse
1712 2172 1811 2206 dixit

1100 2227 1299 2270 apostolus
1348 2227 1489 2263 Paulus
1537 2228 1587 2262 IV
1635 2230 1711 2272 172,
1757 2230 1811 2272 20,

1101 2294 1222 2329 neque
1256 2295 1324 2329 per
1355 2286 1673 2322 resurrectionem
1707 2287 1811 2322 Chri-

1102 2341 1150 2376 sti
1178 2352 1289 2377 omne
1317 2353 1439 2387 genus
1466 2343 1659 2379 hominum
1689 2355 1811 2380 resur-

1101 2399 1157 2443 git
1184 2399 1235 2433 IV
1264 2400 1318 2444 71,
1347 2401 1378 2435 7.
1408 2400 1557 2436 initium
1586 2402 1734 2446 peccati
1763 2412 1810 2437 ex

1102 2456 1224 2492 Adam
1258 2457 1401 2493 factum
1435 2463 1504 2502 est,
1537 2459 1639 2504 quod
1673 2459 1811 2495 imitati

1102 2519 1188 2548 sunt
1225 2515 1355 2559 ceteri,
1390 2519 1432 2550 ut
1465 2516 1519 2551 sic
1553 2527 1600 2551 ex
1635 2516 1698 2552 illo
1734 2527 1810 2552 uno

1101 2571 1242 2607 delicto
1283 2572 1321 2607 in
1361 2573 1541 2609 iudicium
1582 2574 1811 2610 condemna-

1100 2629 1319 2675 tionemque
1351 2631 1603 2677 traherentur,
1630 2632 1694 2678 qui
1724 2643 1809 2668 eum

1100 2687 1287 2723 imitando
1318 2688 1438 2724 multa
1466 2694 1727 2733 peccaverunt
1756 2689 1809 2724 III

1099 2746 1177 2789 459,
1210 2746 1241 2781 9.
1274 2747 1353 2790 470,
1386 2747 1417 2781 8.
1451 2746 1544 2782 Abel
1579 2747 1632 2782 ita
1663 2747 1808 2782 vixisse

1099 2803 1197 2838 dixit
1231 2803 1421 2849 Pelagius,
1454 2809 1493 2839 ut
1529 2804 1619 2839 nihil
1653 2805 1808 2840 omnino
