2078 3054
300 157 377 198 138

339 297 396 330 ep.
430 286 488 320 72:
524 285 617 320 satis
652 285 778 319 mirari
814 296 853 320 se
886 284 1055 329 nequire,

325 355 414 389 quo
438 345 551 379 modo
575 344 740 389 epistula
763 344 827 379 illa
850 348 888 379 et
909 344 1054 379 Romae

338 407 376 438 et
412 403 451 438 in
489 403 601 438 Italia
637 402 766 437 haberi
803 414 825 437 a
864 402 1054 447 plerisque

338 461 530 497 diceretur
570 465 607 496 et
646 462 694 496 ad
736 471 775 496 se
817 461 939 496 solum
977 470 1054 495 non

338 520 590 564 pervenisset,
615 520 675 554 cui
701 519 771 554 soli
797 519 913 554 missa
938 522 1053 563 esset,

339 578 507 613 mitteret
571 577 687 623 igitur
753 569 913 613 eandem
978 577 1055 622 epi-

339 636 478 672 stulam
503 647 572 672 sua
597 647 711 671 manu
737 632 993 681 subscriptam
1017 639 1055 671 et

338 705 467 730 senem
532 695 748 730 latitantem
815 695 852 729 in
918 694 1055 731 cellula

337 754 527 789 lacessere
561 754 765 797 desineret,
800 764 847 789 ne
883 753 1054 789 homines

337 812 511 847 dicerent
560 812 712 847 laudem
764 816 879 857 atque
922 799 1055 847 ‘rumu-

339 871 466 906 sculos
491 874 529 906 et
552 871 753 916 gloriolam
778 871 908 916 populi
934 871 1056 916 requi-

338 932 483 964 rentem
513 940 597 964 eum
624 929 662 964 id
689 929 827 964 fecisse
855 929 889 963 ΙΙ
915 928 994 972 256,
1023 928 1054 963 2.

340 987 394 1021 11.
443 987 522 1030 257,
574 987 631 1029 113
681 987 784 1031 quod
833 987 882 1021 ad
930 987 1056 1022 ensen-

338 1045 534 1080 dationem
597 1045 843 1090 compelleret
906 1048 944 1080 et
1007 1044 1055 1079 ad

338 1103 566 1155 παλινῳδίαν
607 1108 853 1148 provocaret,
898 1104 936 1138 in
980 1105 1051 1139 hoc

337 1161 438 1197 laedi
478 1162 697 1201 amicitiam,
738 1161 776 1196 in
815 1162 887 1197 hoc
926 1171 1056 1197 neces-

339 1220 517 1255 situdinis
553 1220 636 1255 iura
667 1220 804 1255 violari
838 1220 873 1254 II
907 1214 987 1263 260,
1021 1220 1055 1263 13

338 1279 534 1321 accedere,
568 1279 668 1323 quod
702 1279 890 1323 quaedam
923 1279 961 1313 in
992 1278 1056 1313 illa

338 1337 421 1382 ipsa
452 1337 618 1382 epistula
645 1337 840 1372 haeretica
869 1336 1057 1372 iudicaret

339 1395 373 1429 lI
411 1395 491 1434 257.
528 1396 561 1430 6.
600 1395 770 1430 nondum
808 1395 973 1431 habebat
1011 1396 1058 1430 A.

340 1453 437 1488 hanc
473 1453 689 1498 epistulam,
724 1463 810 1488 cum
846 1464 904 1498 ep.
940 1453 984 1489 28
1018 1457 1057 1489 et

338 1512 383 1546 40
415 1512 542 1547 denuo
577 1512 810 1557 perscriptas
844 1512 892 1546 ad
925 1511 1057 1547 Hiero-

339 1580 495 1614 nymum
522 1569 637 1614 misit,
665 1570 702 1606 id
730 1570 833 1615 quod
861 1570 898 1604 in
927 1580 984 1615 ep.
1013 1559 1058 1605 71

340 1629 568 1673 promiserat
611 1628 644 1663 II
687 1628 766 1669 249,
808 1629 840 1662 7.
884 1628 938 1664 13.
980 1638 1056 1673 quo

339 1686 443 1721 facto
494 1696 580 1721 cum
630 1686 674 1720 A.
725 1686 969 1730 simplicitate
1020 1690 1057 1721 et

339 1745 573 1790 integritate,
613 1755 710 1789 quae
750 1744 917 1787 fecisset,
958 1744 1057 1779 sicut

339 1802 507 1846 fecisset,
536 1803 665 1837 omnia
694 1806 822 1838 essent
850 1802 1057 1847 patefacta,

340 1860 596 1905 Hieronymus
642 1861 867 1906 longissima
911 1871 969 1905 ep.
1013 1861 1057 1895 75

341 1920 465 1964 rebus,
502 1931 599 1965 quae
636 1907 887 1956 dissensionis
925 1930 1058 1955 ansam

339 1981 539 2025 dederunt,
609 1981 784 2016 omnibus
856 1981 1059 2025 diligenter

341 2042 599 2087 pertractatis,
623 2042 786 2077 maxime
811 2042 858 2077 de
882 2041 1057 2076 officioso

343 2103 543 2138 mendacio
598 2102 632 2137 II
687 2102 766 2146 285,
821 2102 970 2145 9—288,
1024 2101 1057 2145 2,

345 2163 392 2198 de
407 2163 503 2208 legis
519 2162 792 2198 observatione
808 2163 887 2205 288,
900 2162 1053 2206 8—314,

342 2223 396 2266 12,
428 2223 475 2258 de
507 2233 702 2258 sacrorum
733 2222 914 2257 librorum
946 2222 1059 2257 inter-

342 2283 558 2328 pretatione
593 2283 673 2327 316,
706 2283 857 2326 3—320,
893 2283 933 2317 11
971 2292 1059 2317 con-

345 2343 573 2378 troversiam
589 2343 854 2388 componebat.
864 2342 1058 2386 A.autem,

344 2415 429 2439 eum
453 2405 567 2439 etiam
591 2408 670 2438 tum
695 2404 732 2438 in
756 2403 821 2438 via
842 2407 950 2439 erant
975 2413 1059 2447 epp.

344 2465 388 2498 72
412 2468 449 2499 et
474 2464 529 2507 75,
554 2464 602 2499 ad
627 2474 684 2508 ep.
708 2464 753 2498 68
778 2463 976 2508 respondit
1001 2474 1058 2508 ep.

344 2526 387 2559 73
421 2524 610 2560 conscius.
645 2524 682 2558 in
715 2528 897 2569 quantam
930 2523 1061 2558 Hiero-

344 2585 447 2629 nymi
488 2584 739 2619 offensionem
781 2583 985 2618 cecidisset
1026 2583 1060 2617 11

345 2645 423 2683 264,
455 2646 488 2679 5.
523 2645 569 2685 cf.
604 2645 682 2687 265,
716 2644 770 2678 22.
804 2644 882 2687 266,
917 2644 946 2678 1.
981 2643 1059 2686 275,

346 2706 399 2740 13.
427 2705 506 2748 276,
532 2706 567 2740 7:
597 2705 645 2739 ad
673 2708 883 2739 extremum
910 2708 1058 2748 postea-

345 2775 458 2809 quam
490 2766 532 2799 A.
563 2776 620 2809 ep.
650 2765 705 2799 82.
735 2775 810 2809 qua
838 2764 974 2799 litteris
1004 2763 1060 2798 72.

345 2826 400 2860 75.
444 2826 483 2861 81
531 2824 787 2870 respondebat
831 2825 864 2859 II
905 2825 986 2868 387,
1027 2824 1060 2867 5,

970 171 1109 206 Index
1137 172 1181 205 V.

1136 286 1399 329 quaestionem
1433 286 1479 321 de
1514 287 1627 323 Petro
1662 291 1700 323 et
1731 287 1849 323 Paulo

1135 353 1276 388 magna
1330 343 1531 389 diligentia
1587 346 1655 381 sed
1709 346 1852 381 maiore

1136 402 1251 436 etiam
1309 402 1488 438 cautione
1546 414 1590 438 ac
1650 404 1852 449 prudentia

1136 459 1262 494 denuo
1298 460 1482 495 tractavit
1518 460 1551 495 II
1586 462 1666 503 354,
1702 462 1851 497 3-381.

1136 517 1157 550 2
1207 521 1244 552 et
1294 522 1433 562 cetera,
1482 529 1579 563 quae
1630 518 1851 564 Hieronymi

1137 575 1376 610 stomachum
1416 582 1630 621 moverant,
1668 577 1749 613 sive
1789 578 1852 613 de-

1136 634 1259 669 fendit
1308 634 1390 669 sive
1439 635 1653 679 excusavit,
1702 639 1851 670 contro-

1136 691 1286 727 versiae
1345 692 1393 727 ad
1453 692 1565 727 finem
1623 697 1732 728 erant
1789 693 1852 728 ad-

1141 749 1293 784 ductae.
1383 749 1421 784 in
1499 750 1725 794 quaest-ione
1804 751 1850 786 de

1136 807 1311 842 officioso
1389 807 1588 843 mendacio
1668 808 1851 852 Hierony-

1137 875 1220 900 mus
1288 865 1336 900 ad
1402 866 1447 900 A.
1515 866 1745 901 sententiam
1813 876 1852 901 se

1137 922 1348 967 applicavit
1376 922 1428 957 III
1456 923 1535 966 700,
1565 923 1596 966 1,
1624 934 1700 968 qua
1725 927 1852 958 autem

1137 981 1305 1016 utilitate
1345 980 1601 1025 Hieronymus
1644 981 1853 1026 scripturas

1136 1038 1324 1077 voluisset
1350 1039 1558 1074 transferre
1584 1039 1631 1074 de
1657 1038 1852 1075 Hebraeis.

1137 1096 1242 1131 illum
1284 1096 1356 1131 sibi
1399 1096 1636 1141 persuasisse
1679 1097 1723 1132 A.
1766 1107 1852 1132 con-

1137 1154 1255 1190 cessit
1283 1154 1317 1189 II
1345 1155 1426 1199 385,
1456 1155 1510 1190 10.
1539 1154 1737 1200 aliquanto
1767 1157 1854 1200 post

1137 1213 1186 1248 ad
1223 1213 1497 1257 Hieronymum
1535 1213 1632 1248 duas
1670 1213 1854 1258 epistulas

1138 1271 1220 1314 (166
1264 1274 1302 1307 et
1347 1270 1428 1315 167)
1471 1271 1535 1306 vel
1578 1270 1695 1306 libros
1740 1271 1854 1306 misit.

1137 1339 1298 1373 quorum
1344 1329 1440 1363 alter
1486 1332 1568 1363 erat
1614 1329 1660 1364 de
1707 1328 1854 1374 origine

1138 1387 1298 1422 animae.
1341 1387 1388 1422 de
1430 1397 1505 1431 qua
1547 1387 1773 1431 quaestione
1815 1387 1853 1421 in

1137 1449 1215 1480 tam
1247 1445 1376 1480 multis
1409 1445 1605 1489 opusculis
1638 1445 1716 1480 suis
1749 1455 1854 1480 nurn-

1138 1513 1252 1547 quam
1307 1513 1346 1538 se
1399 1503 1519 1538 fuisse
1572 1513 1708 1538 ausum
1760 1503 1854 1538 dicit

1138 1561 1338 1597 definitam
1359 1561 1529 1606 proferre
1552 1561 1782 1596 sententiam
1803 1561 1852 1595 IV

1140 1620 1217 1663 138,
1251 1619 1422 1660 17—139,
1453 1620 1489 1662 83
1522 1620 1569 1661 ct.
1603 1619 1655 1653 III
1687 1619 1766 1663 257,
1800 1619 1853 1653 10.

1137 1681 1217 1724 539,
1251 1681 1283 1715 4.
1318 1680 1398 1723 558,
1432 1680 1465 1714 5.
1501 1680 1555 1714 15.
1590 1679 1670 1723 584,
1703 1679 1854 1721 3—585,

1137 1741 1171 1775 6.
1207 1741 1259 1775 IV
1297 1740 1374 1783 155,
1410 1740 1465 1775 15.
1503 1740 1580 1777 157.
1616 1740 1648 1774 7.
1683 1740 1764 1782 305,
1799 1739 1854 1773 28.

1138 1802 1219 1845 308,
1259 1801 1314 1835 16.
1351 1801 1432 1843 309,
1470 1801 1526 1835 30.
1563 1800 1644 1839 311,
1684 1799 1855 1843 15—312,

1139 1862 1171 1897 2.
1209 1862 1290 1905 312,
1327 1861 1477 1905 9—313,
1515 1861 1548 1896 6.
1581 1861 1641 1916 23.
1679 1860 1760 1903 314,
1799 1860 1853 1894 14.

1140 1923 1245 1958 illum
1274 1922 1390 1968 igitur
1418 1922 1553 1957 librum
1582 1932 1658 1956 non
1686 1919 1856 1956 doctoris

1141 1994 1225 2019 esse
1267 1984 1333 2018 sed
1374 1982 1609 2027 inquisitoris
1651 1985 1689 2016 et
1728 1980 1854 2025 potius

1139 2043 1286 2078 discere
1319 2042 1521 2087 cupientis,
1553 2051 1630 2076 non
1663 2050 1855 2085 praesum-

1140 2103 1282 2148 ptionis
1322 2102 1388 2137 sed
1428 2101 1723 2137 consult-ationis
1764 2110 1855 2135 suae

1140 2163 1193 2197 IV
1224 2162 1301 2206 156,
1332 2163 1365 2197 9.
1396 2162 1476 2205 302,
1508 2161 1562 2196 12.
1594 2171 1705 2206 quern
1736 2160 1855 2205 prius-

1140 2234 1253 2269 quam
1292 2222 1514 2267 Hieronymi
1551 2222 1737 2266 rescripta
1775 2231 1856 2265 per-

1143 2285 1321 2329 cepisset,
1386 2283 1485 2318 mitti
1551 2293 1712 2328 usquam
1778 2291 1854 2316 non

1140 2345 1278 2381 debere
1316 2345 1378 2380 vel
1417 2344 1594 2389 cuiquam
1632 2344 1736 2378 foras
1774 2341 1855 2377 dari

1139 2406 1193 2441 IV
1221 2406 1299 2450 156,
1327 2406 1381 2440 10.
1408 2405 1488 2449 302,
1517 2405 1570 2439 17.
1597 2405 1678 2447 305,
1707 2404 1759 2438 16.
1789 2403 1854 2437 sed

1142 2467 1308 2511 quinque
1350 2466 1467 2501 ferme
1511 2475 1632 2499 annos
1675 2465 1854 2499 interces-

1139 2528 1246 2570 sisse,
1267 2537 1313 2562 ex
1333 2537 1407 2571 quo
1428 2525 1562 2560 librum
1584 2525 1750 2559 misisset
1770 2534 1854 2558 nec-

1140 2587 1230 2621 dum
1258 2586 1442 2630 rescripta
1470 2586 1671 2620 meruisset
1699 2584 1750 2618 IV
1775 2583 1856 2619 302.

1142 2648 1195 2682 11.
1226 2658 1358 2682 verum
1388 2650 1516 2681 tamen
1546 2646 1741 2689 iam‘tum,
1771 2655 1854 2679 cum

1139 2719 1197 2753 ep.
1219 2708 1263 2743 28
1285 2707 1478 2749 scriberet,
1500 2706 1543 2740 A.
1565 2705 1692 2750 aliqua
1713 2704 1855 2749 scripta

1141 2779 1209 2810 suba
1235 2768 1467 2811 Hieronymo
1493 2766 1642 2801 mittere
1668 2768 1856 2800 statuerat

1142 2829 1156 2863 I
1186 2829 1263 2877 113,
1289 2829 1322 2871 3,
1350 2837 1446 2872 quae
1475 2826 1574 2863 sicut
1602 2826 1666 2861 illa
1692 2824 1855 2871 epistula
