2078 3054
275 125 360 166 282

321 252 374 287 ait
401 261 475 285 non
503 250 702 295 ignorasse
728 248 894 292 Petrum,
920 246 1034 281 immo

322 308 534 352 principem
577 306 690 341 huius
730 305 848 340 fuisse
889 304 1035 340 decreti

320 366 442 410 legem
504 369 591 408 post
651 363 897 409 evangelium
958 372 1035 397 non

320 423 552 458 servandam
599 421 635 456 11
677 421 756 465 294,
801 422 833 456 4.
892 420 1035 455 Paulus

320 491 397 516 non
451 480 536 516 ideo
590 479 745 515 Petrum
800 478 1035 523 emendavit,

319 539 420 583 quod
469 541 650 582 paternas
698 537 925 572 traditiones
973 535 1037 571 ob-

318 600 504 640 servaret,
552 595 619 631 sed
668 595 849 640 quoniam
898 598 1035 640 gentes

319 654 482 700 cogebat
510 653 705 689 iudaizare
731 652 766 687 II
792 653 847 697 74,
875 652 928 688 10.
954 652 1034 697 302,

321 712 374 747 10.
412 712 491 756 377,
533 712 565 747 5.
607 711 783 746 fallacem
823 710 1034 746 simulatio-

319 781 404 806 nem
433 770 472 805 in
498 769 613 805 Pet-ro
641 769 890 813 reprehendit
917 768 952 803 II
979 769 1035 814 76,

320 828 373 863 11.
421 827 500 872 312,
549 828 581 863 2.
631 827 711 872 361,
760 827 816 862 22.
877 826 1033 862 Petrum

317 885 414 931 legis
478 885 742 921 caeremonias
805 885 1033 920 observasse

318 944 454 980 timore
503 943 734 979 Iudaeorum
779 942 931 979 censuit
978 942 1034 987 A,

319 1001 574 1047 Hieronymus
601 1005 729 1036 autem
755 1004 795 1036 et
817 1001 973 1036 Petrum
999 1003 1037 1036 et

317 1059 478 1095 Paulum
528 1059 664 1095 timore
713 1058 945 1095 Iudaeorum
995 1057 1034 1094 id

318 1117 520 1154 simulasse
557 1121 708 1153 tantum
745 1116 781 1151 II
818 1117 874 1162 75,
909 1117 941 1152 3.
977 1116 1033 1161 76,

320 1177 372 1212 13.
423 1176 503 1220 285,
543 1175 596 1211 11.
648 1175 726 1220 290,
766 1174 939 1220 10—300,
979 1174 1032 1214 10.

316 1234 396 1280 312,
425 1235 458 1269 4.
490 1233 570 1278 313,
604 1234 635 1269 1.
668 1233 721 1269 11.
752 1233 832 1278 365,
867 1233 920 1269 18.
953 1232 1032 1277 366,

316 1293 347 1328 9.
383 1292 463 1337 378,
502 1291 650 1336 1-381,
686 1291 718 1326 2.
754 1291 917 1327 Paulum
955 1300 1033 1326 non

317 1350 518 1386 simulasse
567 1350 859 1386 demonstrabat
906 1349 951 1385 A.
998 1348 1033 1383 II

316 1409 395 1452 360,
439 1408 492 1444 18.
535 1418 659 1454 neque
701 1418 787 1443 eum
829 1407 1031 1443 mentitum

316 1477 400 1502 esse
447 1466 631 1502 credebat
675 1465 710 1500 II
753 1466 832 1511 357,
879 1465 922 1501 17
967 1468 1034 1500 aut

316 1525 468 1569 tropica
513 1524 749 1560 obscuritate
793 1534 917 1568 usum,
965 1523 1032 1559 sed

316 1583 398 1619 eius
426 1583 547 1618 verba
574 1593 658 1618 esse
687 1582 845 1627 propria
873 1585 1032 1627 apertae

315 1640 523 1676 locutionis
552 1640 607 1675 III
636 1641 714 1685 699,
746 1640 800 1676 19.
828 1640 972 1676 Paulus
1000 1639 1032 1675 si

316 1699 433 1735 semel
504 1699 773 1743 mentiebatur,
842 1708 1031 1743 nusquam

317 1767 394 1793 non
439 1761 589 1792 tantum
633 1757 671 1792 in
714 1756 835 1792 Paulo
880 1756 948 1792 sed
992 1755 1030 1790 in

316 1815 492 1851 omnibus
521 1815 666 1851 sanctis
693 1814 800 1850 libris
827 1818 934 1851 certa
959 1814 1032 1850 erit

316 1877 446 1909 castae
472 1873 651 1909 veritatis
676 1873 888 1909 auctoritas
913 1872 929 1906 I
954 1872 1031 1915 108,

318 1932 488 1976 11—109,
521 1931 574 1966 10.
606 1931 642 1966 ΙΙ
674 1931 728 1976 71,
760 1931 813 1966 12.
844 1930 1032 1976 Hierony-

315 2001 399 2025 mus
437 1994 476 2025 et
512 1989 578 2024 alii
615 1993 705 2025 ante
742 2000 827 2025 eum
863 1999 1031 2032 causam,

321 2059 398 2093 qua
441 2047 603 2083 Paulum
648 2047 687 2082 in
730 2047 845 2083 Petro
891 2047 929 2083 id
973 2057 1030 2082 re-

318 2105 568 2149 prehendisse
648 2106 850 2150 putabant,
928 2104 1031 2151 quod

315 2164 397 2208 ipse
444 2163 712 2208 commisisset,
768 2165 1033 2208 exposuerunt

316 2232 392 2257 non
432 2221 647 2256 officiosum
687 2221 930 2257 mendacium
969 2221 1032 2256 de-

316 2279 519 2315 fendentes
567 2280 634 2315 sed
683 2280 868 2315 docentes
916 2279 1032 2314 hone-

317 2341 413 2373 stam
443 2337 775 2381 dispensationem
803 2337 838 2371 ΙΙ
865 2337 945 2381 300,
974 2337 1030 2380 123

316 2396 363 2436 cf.
401 2396 479 2439 285,
517 2396 548 2431 9.
588 2395 846 2441 Hieronymus
884 2395 924 2430 in
959 2394 1032 2430 hac

317 2465 355 2489 re
384 2458 521 2496 postca
550 2454 587 2488 in
615 2453 656 2488 Α,
684 2453 916 2488 sententiam
944 2463 1032 2488 con-

317 2511 430 2546 cessit
464 2511 519 2545 lII
552 2511 629 2554 700,
663 2511 693 2546 1.
725 2511 873 2554 Petrus,
904 2515 947 2546 ut
977 2506 1052 2566 ait!

318 2569 372 2605 A..
407 2581 427 2603 a
464 2569 582 2603 Paulo
618 2579 708 2604 vere
743 2572 939 2604 correctus
974 2571 1033 2604 est

317 2631 354 2662 ct
391 2627 532 2661 Paulus
567 2637 661 2662 vera
696 2627 871 2662 narravit
904 2626 940 2660 II
977 2626 1033 2671 75,

317 2687 349 2719 4.
379 2686 433 2720 77.
463 2685 493 2719 2.
525 2685 602 2722 285.
635 2684 688 2719 13.
718 2685 798 2729 313,
830 2684 860 2719 1.
889 2685 970 2729 355,
999 2685 1031 2719 3.

316 2743 394 2778 357.
420 2743 546 2777 3—15.
571 2743 651 2786 365,
677 2742 731 2777 20.
757 2743 835 2786 374,
864 2743 916 2777 17.
943 2741 1052 2786 fide-1

317 2803 364 2838 lis
391 2803 638 2848 dispensator
663 2803 864 2848 apostolus
888 2787 1053 2856 Paulus}

948 133 1091 168 Index
1117 131 1160 167 V.

1122 246 1254 290 procul
1295 246 1410 282 dubio
1452 248 1562 284 nobis
1601 248 1755 284 exhibet
1796 248 1832 282 in

1121 305 1324 340 scribendo
1364 305 1490 351 fidem,
1527 307 1618 352 quia
1656 306 1835 342 veritatis

1120 363 1367 407 dispensator
1405 368 1498 409 erat,
1537 375 1613 399 non
1651 364 1835 400 falsitatis

1119 420 1155 455 II
1201 421 1280 466 374,
1329 421 1382 456 14.
1427 422 1632 458 ostendere
1679 422 1836 458 volebat

1120 489 1190 514 nee
1223 478 1389 515 Iudaeos
1424 490 1446 514 a
1479 480 1675 516 veteribus
1710 490 1835 515 sacra-

1120 537 1260 573 mentis
1326 542 1521 582 tamquam
1588 548 1611 573 a
1675 538 1835 574 nefariis

1119 595 1380 639 prohibendos
1413 605 1482 631 nec
1514 596 1680 642 gentiles
1711 596 1760 632 ad
1789 607 1836 632 ea

1119 657 1314 698 tamquam
1343 653 1393 688 ad
1421 654 1641 689 necessaria
1670 654 1835 698 compel-

1119 711 1255 747 lendos
1282 710 1318 745 II
1344 711 1423 756 360,
1450 711 1504 747 14.
1531 711 1675 747 Paulus
1701 712 1834 758 utique

1119 769 1286 805 Iudaeus
1313 773 1408 814 erat,
1434 769 1677 805 Christianus
1706 774 1833 806 autem

1120 827 1246 862 factus
1298 838 1374 862 non
1426 827 1657 863 Iudaeorum
1709 838 1836 863 sacra-

1120 889 1251 921 menta
1292 885 1513 931 reliquerat,
1554 896 1652 931 quae
1696 896 1835 921 conve-

1119 943 1269 979 nienter
1301 943 1364 980 ille
1396 943 1563 988 populus
1595 948 1634 979 et
1663 943 1834 989 legitime

1119 1005 1306 1048 tempore,
1348 1012 1423 1047 quo
1466 1002 1683 1046 oportebat,
1727 1011 1834 1037 acce-

1120 1064 1231 1104 perat
1255 1059 1292 1094 II
1318 1060 1372 1104 73,
1401 1060 1453 1095 13.
1480 1060 1560 1104 301,
1589 1060 1642 1095 14.
1668 1060 1748 1104 304,
1775 1060 1834 1104 16·,

1120 1117 1166 1159 cf.
1198 1119 1252 1163 77,
1283 1118 1315 1153 2.
1344 1118 1423 1162 313,
1453 1118 1482 1153 1.
1513 1118 1677 1163 ideoque
1708 1128 1834 1154 susce-

1119 1176 1177 1220 pit
1228 1186 1275 1212 ea
1326 1176 1568 1221 celebranda,
1620 1186 1706 1211 cum
1758 1177 1833 1211 iam

1119 1233 1262 1269 Christi
1299 1238 1401 1270 esset
1437 1234 1650 1279 apostolus,
1688 1234 1756 1270 sed
1792 1237 1832 1269 ut

1119 1292 1277 1328 doceret
1302 1303 1380 1328 non
1409 1303 1493 1328 esse
1520 1292 1741 1337 perniciosa
1767 1292 1833 1336 eis,

1119 1351 1183 1396 qui
1215 1361 1260 1386 ea
1291 1350 1447 1395 vellent,
1481 1350 1581 1386 sicut
1611 1361 1633 1385 a
1666 1351 1835 1395 parenti-

1118 1409 1188 1444 bus
1225 1418 1293 1453 per
1330 1409 1452 1454 legem
1490 1412 1734 1453 acceperant,
1772 1419 1834 1444 cu-

1119 1466 1264 1503 stodire
1298 1466 1333 1501 II
1365 1468 1421 1511 74,
1454 1467 1484 1502 1.
1516 1466 1596 1511 305,
1628 1466 1658 1502 1.
1690 1466 1769 1510 368,
1802 1466 1833 1501 1.

1118 1524 1189 1560 hoc
1229 1524 1458 1560 Iudaeorum
1499 1524 1643 1560 Paulus
1682 1525 1834 1560 dimise-

1117 1587 1189 1629 rat,
1232 1583 1336 1628 quod
1376 1583 1518 1618 malum
1562 1583 1755 1619 habebant
1798 1582 1833 1617 II

1118 1642 1173 1685 75,
1218 1641 1271 1676 12.
1315 1641 1394 1686 309,
1441 1641 1494 1676 10.
1540 1641 1833 1677 observationes

1117 1699 1215 1745 legis
1241 1709 1346 1735 more
1373 1699 1500 1743 patrio
1526 1700 1575 1735 ab
1600 1699 1685 1744 ipso
1713 1699 1832 1734 Paulo

1118 1757 1334 1793 celebratae
1364 1761 1454 1793 sunt
1481 1757 1562 1793 sine
1591 1757 1669 1792 ulla
1697 1756 1832 1792 salutis

1118 1816 1350 1852 necessitate
1381 1815 1418 1850 II
1445 1815 1499 1860 76,
1527 1816 1559 1851 9.
1587 1815 1667 1860 310,
1693 1816 1726 1850 9.
1753 1815 1856 1859 358„

1117 1875 1149 1910 3.
1179 1874 1259 1919 359,
1290 1874 1342 1909 19.
1373 1874 1516 1909 Paulus
1543 1877 1677 1909 vetera
1708 1882 1833 1909 sacra-

1117 1936 1246 1968 menta
1288 1932 1403 1967 modo
1446 1932 1676 1976 celebrabat,
1718 1931 1832 1966 modo

1117 2001 1195 2026 non
1223 1990 1441 2026 celebrabat
1468 1990 1655 2034 temporis
1683 1989 1831 2025 ratione

1117 2049 1250 2084 habita
1284 2053 1322 2084 et
1355 2048 1563 2091 hominum,
1598 2058 1673 2093 quo
1707 2051 1833 2083 ost-en-

1117 2107 1227 2142 deret
1262 2106 1328 2142 illa
1362 2116 1433 2142 nec
1468 2109 1664 2152 tamquam
1703 2115 1832 2141 neces-

1118 2165 1220 2200 saria
1265 2164 1403 2201 debere
1446 2164 1579 2209 appeti
1625 2174 1694 2199 nec
1739 2167 1833 2198 tam-

1117 2234 1231 2268 quam
1264 2223 1453 2268 sacrilega
1486 2222 1624 2258 debere
1657 2221 1832 2257 damnari

1119 2280 1155 2315 II
1191 2281 1271 2325 362,
1307 2281 1339 2316 6.
1377 2280 1432 2315 21.
1470 2280 1549 2316 366.
1591 2280 1620 2315 1.
1660 2280 1740 2324 377,
1778 2279 1831 2314 15.

1118 2339 1197 2383 379,
1235 2339 1291 2374 21.
1330 2342 1464 2374 vetera
1503 2337 1734 2374 Iudaeorum
1775 2348 1832 2372 sa-

1118 2400 1315 2432 cramenta
1338 2400 1426 2441 post
1451 2396 1596 2432 domini
1621 2396 1831 2431 adventum

1118 2455 1338 2490 necessaria
1369 2454 1483 2489 saluti
1516 2464 1598 2489 esse
1630 2454 1832 2489 vehemen-

1118 2518 1176 2548 ter
1211 2523 1280 2557 per
1314 2512 1575 2556 apostolatum
1612 2511 1720 2546 Pauli
1757 2511 1832 2546 dis-

1120 2581 1274 2606 suasum
1304 2574 1361 2606 est
1388 2569 1424 2604 II
1452 2570 1507 2615 75,
1532 2569 1563 2604 1.
1591 2573 1726 2604 contra
1753 2579 1830 2608 eos.

1118 2629 1183 2674 qui
1243 2629 1433 2672 putabant
1494 2627 1575 2663 sine
1623 2626 1831 2669 ,veteribus

1119 2686 1370 2722 sacramentis
1404 2685 1533 2721 salvos
1567 2696 1606 2720 se
1638 2695 1721 2720 esse
1755 2695 1830 2719 non

1119 2753 1244 2788 posse,
1320 2743 1463 2779 Paulus
1535 2747 1830 2787 perseveranter

1118 2804 1333 2849 acriterque
1384 2803 1616 2850 confligebat
1666 2802 1702 2838 II
1751 2802 1829 2846 357,
