2078 3054
873 137 1013 172 Index
1039 136 1115 171 111.
1692 123 1746 164 25

238 254 477 298 Augustinus
504 254 542 288 in
569 253 650 288 eius
678 252 831 296 scriptis
861 251 1172 296 reprehenderat,
1202 261 1277 286 non
1305 251 1386 287 sine
1413 250 1622 286 acerbitate
1649 250 1747 286 refu-

238 318 318 348 tare
338 318 499 347 conatus
522 316 636 354 esset,
658 311 816 354 veritus,
840 322 885 346 ne
909 310 1022 345 amici
1047 309 1215 345 animum
1238 309 1370 345 dolore
1392 308 1597 350 affecisset,
1622 309 1745 344 facere

237 381 312 405 non
340 374 475 413 potu-t,
508 369 599 414 quin
631 369 853 413 priusquam
885 378 1111 411 responsum
1145 367 1350 411 acciperet,
1384 367 1586 403 occasione
1619 366 1747 401 oblata.

237 428 306 462 hac
341 427 446 462 brev
486 426 654 470 epistula
687 437 727 461 se
764 430 946 469 purgaret,
981 426 1190 461 ostendens
1227 429 1475 468 provocatum
1515 435 1553 459 se
1592 435 1745 459 causam

236 489 385 519 tantum
417 495 444 517 s*
463 495 522 519 am
555 483 774 519 defendisse
805 488 854 527 et,
884 484 915 518 si
950 494 1025 528 qua
1056 482 1171 526 culpa
1200 483 1385 526 subesset,
1415 482 1534 517 multo
1565 481 1745 517 maiorem

236 552 319 577 csse
351 542 601 585 provocantis
630 552 742 586 quam
772 540 1027 576 defendent-is.

377 611 551 654 Ep2÷tula
581 611 625 645 82
656 610 894 655 Augustinus
925 610 1124 653 respondit
1155 610 1203 644 ad
1233 609 1436 652 epistulam
1467 610 1508 643 81
1544 619 1665 654 neque
1697 608 1744 642 ad

237 680 320 704 eam
350 669 469 704 solam
497 669 565 703 sed
592 668 703 703 simul
730 668 844 702 etiam
873 668 920 702 ad
949 667 1133 711 epistulas
1161 666 1206 701 72
1232 670 1270 701 et
1298 667 1353 710 75,
1382 667 1429 701 ad
1459 677 1553 711 quas
1582 666 1746 701 nondum

236 727 530 770 rescripserat.¹)
574 726 681 761 cuius
710 726 898 770 epistulae
930 727 968 761 in
998 725 1107 760 initio
1137 735 1221 760 cum
1252 725 1486 769 superiorem
1519 725 1639 769 ipsius
1669 725 1746 768 epi-

236 785 386 828 stulam,
415 785 452 819 id
483 789 542 819 est
572 784 776 828 epistulam
804 784 847 819 73
877 783 978 818 intra
1006 794 1038 818 a.
1067 784 1251 818 403-404
1280 783 1461 827 scriptam
1495 783 1568 818 iam
1598 783 1745 827 pridem

236 853 275 878 se
304 843 454 877 misisse
485 842 600 883 dicat,
631 846 699 886 est,
729 842 831 887 quod
861 842 1138 876 contendamus
1168 846 1256 876 ante
1287 851 1320 875 a.
1353 842 1420 875 405
1449 851 1531 875 eam
1565 841 1744 884 scriptam

236 909 310 934 non
349 911 432 934 esse
477 910 599 943 neque
643 910 733 934 vero
778 899 896 934 multo
940 903 1038 942 post,
1085 898 1265 943 quoniam
1311 903 1393 933 arte
1437 898 1614 933 cohaeret
1661 908 1744 932 cum

235 957 401 1001 epistula
438 958 481 991 75
518 957 606 991 item
644 957 745 991 intra
779 968 812 991 a.
849 957 1032 992 403-404
1070 956 1215 1000 scripta
1249 966 1371 1001 neque
1409 956 1491 990 veri
1527 961 1585 990 est
1624 954 1744 990 simile

236 1015 491 1058 Aumistinum
538 1015 749 1059 longiorem
797 1014 1056 1058 respondendi
1102 1025 1247 1049 moram
1294 1014 1570 1057 interposuisse
1617 1023 1746 1057 super-

235 1073 413 1108 veniente
443 1074 557 1107 ctiam
587 1076 701 1117 atque
730 1076 891 1116 urgente
922 1072 1090 1116 epistula
1115 1072 1172 1107 81.

375 1142 550 1185 Epistula
583 1143 628 1177 83
662 1140 763 1176 duos'
794 1142 907 1177 habet
939 1142 1055 1177 locos.
1091 1142 1155 1186 qui
1194 1142 1231 1176 in
1268 1146 1439 1186 tempore
1475 1141 1744 1176 constituendo

235 1199 375 1234 adferri
400 1204 572 1243 possunt.
613 1199 709 1235 alter
737 1205 792 1234 est
821 1210 856 1243 p.
884 1201 963 1244 390,
992 1200 1046 1235 23.
1077 1200 1140 1234 ubi
1169 1200 1408 1245 Augustinus
1437 1200 1530 1234 dicit.
1557 1199 1745 1234 Thiaven-

236 1257 329 1291 sium
362 1268 529 1293 causam.
560 1268 656 1301 quae
688 1262 777 1291 tunc
808 1258 1004 1302 agebatur.
1036 1257 1243 1300 Samsucio,
1274 1258 1454 1301 episcopo
1486 1257 1676 1299 sarrensi,
1706 1267 1745 1291 se

236 1316 464 1350 narravisse.
503 1315 721 1351 Samsucius
745 1320 884 1358 autem,
912 1317 975 1361 qui
1003 1316 1075 1350 iam
1102 1315 1307 1359 episcopus
1335 1320 1427 1359 erat,
1455 1327 1537 1350 cum
1567 1315 1746 1359 Augusti-

235 1383 304 1406 nus
334 1373 599 1417 episcopatum
635 1373 790 1415 iniret2)
827 1378 864 1409 et
897 1385 973 1408 una
1007 1385 1091 1408 cum
1127 1373 1268 1417 Alypio
1302 1377 1340 1408 et
1376 1373 1592 1418 Augustino
1629 1373 1744 1417 paulo

233 1435 322 1466 ante
345 1442 377 1465 a.
405 1432 473 1465 402
500 1431 703 1474 epistulam
732 1432 776 1465 62
804 1433 847 1465 url
883 1432 1063 1466 Severum
1094 1431 1208 1473 misit,
1237 1431 1309 1465 nisi
1339 1430 1375 1466 in
1407 1431 1475 1466 hac
1508 1431 1674 1475 epistula
1700 1432 1744 1466 83

235 1499 310 1523 non
342 1489 505 1532 amplius
542 1493 784 1524 memoratur.
833 1489 928 1524 alter
963 1489 1070 1523 locus
1106 1493 1165 1524 est
1201 1499 1236 1533 p.
1271 1490 1351 1527 388,
1391 1490 1446 1524 13:
1487 1489 1559 1530 Qui
1598 1489 1649 1531 (id
1687 1493 1744 1524 est

233 1546 486 1591 Thiavenses‘)
512 1558 612 1582 nunc
634 1548 845 1581 catham-ae
868 1549 955 1592 [mci
979 1550 1240 1588 accesserunt,-
1263 1547 1433 1590 cogitare
1457 1548 1556 1583 enim
1580 1547 1742 1582 fortasse

234 1604 330 1638 velis
352 1605 398 1639 de
428 1604 492 1639 illo
522 1609 704 1647 tempore.
736 1615 810 1649 quo
839 1605 1092 1639 severissimis
1120 1605 1269 1653 legibus
1297 1616 1330 1639 a.
1357 1605 1424 1639 405
1453 1605 1490 1639 111
1519 1604 1744 1639 Donatistas

233 1662 346 1695 oditis
367 1662 578 1706 permultae
601 1673 730 1697 eorum
756 1663 884 1706 plebes
907 1664 953 1697 ad
979 1663 1205 1697 catholicam
1230 1663 1430 1699 ecclesiam
1457 1662 1741 1699 reverterunt&

233 1730 364 1754 verum
393 1724 520 1754 tamen
555 1724 756 1764 utrumque
790 1720 913 1754 locum
948 1721 1240 1755 incertissimam
1275 1726 1422 1755 tantum
1458 1720 1641 1764 temporis
1676 1721 1744 1755 cir-

233 1777 569 1821 cumscriptionem
604 1778 807 1813 admittere
843 1788 952 1813 nemo
985 1778 1198 1822 negaverit.

373 1846 549 1889 Epistula
589 1847 633 1882 84
675 1847 765 1882 data
806 1852 865 1881 est
906 1848 954 1882 ad
997 1847 1201 1891 Novatum,
1246 1848 1468 1892 episcopum
1513 1847 1743 1890 Sitifensem,

232 1907 357 1946 atque.
393 1909 432 1938 ut
465 1914 511 1937 ex
545 1915 579 1948 p.
611 1905 689 1948 392,
725 1905 858 1939 11--14
893 1905 1140 1950 intellegitur,
1172 1906 1305 1949 primis
1338 1906 1586 1948 episcopatus
1619 1904 1741 1938 annis.

232 1961 437 2004 episcopus
480 1966 605 1996 autem
647 1963 771 1996 factus
811 1973 894 1997 esse
936 1963 1090 1997 videtur
1129 1963 1243 2006 paulo
1285 1968 1370 2007 post
1409 1963 1638 2005 Possidium,
1679 1962 1742 2007 qui

232 2027 263 2051 a.
295 2019 363 2052 397
394 2012 658 2062 episcopatum
691 2020 855 2062 adeptus
888 2024 959 2054 est:
994 2020 1133 2055 etenim
1167 2021 1203 2055 in
1238 2021 1333 2055 serie
1365 2021 1645 2064 cpiscoporum,
1679 2019 1742 2063 qui

233 2075 395 2110 concilio
421 2076 642 2111 Milevitano
670 2077 878 2112 adfuerunt
900 2082 937 2112 et
963 2078 998 2111 in
1023 2078 1190 2121 epistula
1216 2078 1280 2112 176
1305 2084 1587 2121 enumerantur,
1615 2077 1743 2121 proxi-

232 2143 314 2166 mus
346 2138 403 2168 est
433 2144 453 2167 a
483 2133 670 2168 Possidio.
713 2135 850 2169 deinde
882 2139 1118 2179 compertum
1149 2135 1331 2170 habemus
1361 2146 1444 2170 eum
1476 2145 1577 2169 anno
1607 2135 1671 2168 411
1705 2135 1741 2168 111

232 2190 450 2225 conlatione
479 2190 773 2235 Carthaginensi
805 2192 1023 2227 interfuisse
1054 2196 1092 2227 et
1120 2193 1350 2227 auctoritate
1383 2192 1599 2231 floruissef)
1646 2203 1742 2237 quae

233 2248 262 2281 si
288 2248 671 2285 consideraverimus.
698 2250 886 2292 epistulae
901 2254 1062 2294 ‘tempus
1085 2250 1231 2295 aliquot
1256 2260 1378 2284 annos
1401 2250 1545 2285 distare
1571 2250 1742 2285 dicemus

232 2304 318 2339 hinc
344 2306 392 2340 ab
414 2316 514 2340 anno
539 2307 606 2341 397
632 2307 733 2341 illinc
762 2308 808 2342 ab
833 2318 932 2341 anno
958 2308 1036 2341 411.

371 2374 494 2409 Valde
541 2375 724 2410 incertum
770 2380 826 2410 est
872 2379 1024 2419 tempus
1071 2376 1258 2419 epistulae
1304 2377 1348 2411 85
1392 2376 1511 2411 Paulo
1559 2376 1741 2419 episcopo

232 2431 381 2466 missae.
415 2432 478 2476 qui
500 2433 654 2477 quaudo
678 2432 942 2476 episcopatum
964 2434 1170 2468 adsecutus
1193 2434 1252 2476 sit,
1276 2434 1510 2477 ignoramus:
1536 2433 1740 2468 defunctus

232 2493 358 2523 autem
399 2489 472 2524 iam
509 2495 590 2525 erat
627 2501 728 2525 anno
765 2491 832 2525 408
868 2491 977 2535 eique
1015 2496 1253 2526 successerat
1291 2493 1327 2527 in
1369 2491 1594 2535 episcopatu
1631 2491 1742 2526 Cata-

370 2615 398 2658 ¹)
428 2625 464 2658 p.
488 2616 568 2652 387.
591 2617 622 2650 5.
811 2615 839 2660 ²)
869 2626 927 2660 ep.
952 2618 995 2651 34
1024 2627 1058 2661 p.
1084 2616 1139 2660 27,
1165 2617 1265 2651 1-7.

370 2673 398 2717 3,)
428 2673 609 2717 Ribbeck,
644 2672 817 2708 Donatus
850 2675 926 2709 und
961 2674 1210 2719 Augustinus,
1246 2674 1435 2710 Elberfeld
1473 2675 1572 2719 1858,
1606 2686 1639 2719 p.
1674 2674 1737 2708 451

235 2740 352 2774 usque
374 2731 421 2765 ad
444 2732 523 2765 456.

371 2787 399 2832 ⁴)
430 2788 551 2823 Mansi
578 2790 699 2823 concil
727 2790 810 2824 coll.
838 2790 888 2823 lV
917 2802 950 2834 p.
977 2791 1021 2824 5⁶2
1037 2790 1081 2834 D,
1109 2792 1154 2826 80
1168 2790 1214 2834 D·,
1244 2791 1363 2825 14211.
