2078 3054
285 117 343 158 40
926 128 1067 162 Index
1094 127 1169 161 llI.

288 244 481 290 flagitans,
516 249 558 280 ut
595 244 699 279 illum
736 243 869 279 videre
906 247 944 279 et
980 253 1117 288 rogare
1154 243 1391 289 dignaretur,
1431 248 1470 279 ut
1510 244 1739 289 ignosceret,
1776 245 1808 280 si

287 303 378 348 quid
394 303 536 338 durius
562 307 600 338 et
624 301 800 346 asperius
826 301 864 336 in
893 312 932 337 se
959 301 1103 336 dictum
1128 301 1389 346 accepisset.¹)
1431 302 1543 337 simul
1569 303 1669 338 idem
1695 313 1807 349 argu-

287 364 469 405 mentum,
500 371 574 406 quo
607 360 722 395 modo
751 358 848 395 deus
878 359 1070 404 videatur,
1101 360 1238 395 iterum
1271 363 1425 395 tractat.
1469 360 1809 396 coniunctissimae

287 417 405 462 igitur
439 423 529 453 sunt
561 417 750 461 epistulae
787 418 853 452 147
886 422 925 453 et
960 418 1037 462 148,
1071 429 1147 463 qua
1180 428 1220 453 re
1254 417 1370 453 etiam
1405 429 1482 453 una
1515 429 1581 454 eas
1615 418 1808 454 recensuit

290 476 529 521 Augustinus
551 476 589 510 in
610 475 943 510 Retractati'onum
963 475 986 510 1.
1008 475 1042 509 11
1062 485 1093 510 c.
1114 476 1156 510 41
1179 475 1311 510 dicens
1332 478 1532 520 utramque
1555 487 1594 511 se
1616 475 1809 511 invenisse

288 534 325 568 in
357 534 491 569 eodem
522 543 591 568 suo
622 533 767 568 codice.
799 543 873 578 quo
905 532 1195 568 Retractionum
1225 534 1310 569 loco
1342 543 1522 578 quoi-tam
1553 544 1681 578 opera.
1712 545 1809 579 quae

285 591 541 635 antecedunt,
555 602 588 626 a..
610 590 679 625 412
701 591 879 627 confecta
904 595 994 627 sunt
1014 595 1051 627 et
1074 601 1205 635 opera,
1228 602 1326 636 quae
1350 592 1647 637 subsequuntur,
1671 603 1704 628 a.
1727 593 1807 637 415.

286 649 412 685 medio
445 652 629 694 tempore,
663 644 707 684 id'
734 654 792 685 est
827 650 930 685 circa
961 660 995 685 a.
1028 650 1095 685 413
1131 654 1169 685 et
1201 650 1269 685 414
1303 650 1468 694 scriptas
1501 660 1586 686 esse
1620 650 1808 694 epistulas

287 707 464 743 efficitur.

426 766 531 810 Quae
559 767 657 803 ratio
686 767 902 802 intercedat
929 767 1028 802 inter
1055 776 1114 810 ep.
1144 766 1210 801 149
1238 770 1274 801 et
1304 766 1367 800 121
1397 766 1447 801 ad
1476 766 1574 801 hanc
1603 766 1807 809 epistulam

286 826 361 861 iam
388 825 649 869 exposuimus.
689 825 774 870 ipsa
801 829 930 860 autem
961 824 1128 868 epistula
1157 824 1224 859 149
1254 824 1504 868 scribebatur,
1532 834 1607 869 quo
1635 829 1808 868 tempore

285 884 461 920 Urbanus
495 883 705 929 Peregrino
742 883 906 918 diacono
943 882 1161 926 comitatus,
1197 887 1240 918 ut
1274 882 1542 926 episcopatum
1582 882 1808 927 susciperet,

290 942 436 978 Siccam
459 946 698 987 perrexerat3
721 941 886 977 necdum
908 941 1140 986 Peregrinus
1163 940 1383 985 Hipponem
1405 945 1657 985 remeaverat,
1681 941 1811 975 salvos

286 1005 416 1036 tamen
453 1011 519 1036 eos
559 1011 643 1036 esse
682 1005 722 1036 et
757 999 898 1035 litteris
936 1009 1068 1035 eorum
1107 1003 1144 1035 et
1183 999 1288 1034 fama
1325 999 1528 1036 nuntiante
1569 999 1810 1045 Augustinus

287 1058 568 1105 cognoverat.²)
615 1058 792 1094 Urbanus
824 1058 924 1094 enim
948 1058 1227 1093 Fortunatiani
1263 1066 1463 1093 successor
1496 1057 1579 1101 fuit,
1615 1058 1692 1103 qui,
1725 1068 1809 1093 cum

287 1117 457 1162 epistula
481 1117 548 1152 148
573 1117 622 1152 ad
648 1127 734 1152 eum
761 1116 853 1151 data
879 1120 948 1161 est,
976 1116 1091 1152 etiam
1118 1120 1199 1151 tum
1226 1115 1434 1160 episcopus
1461 1120 1543 1151 erat
1573 1115 1807 1155 Siccensisfl)

289 1186 402 1220 quam
423 1175 626 1220 epistulam
649 1185 734 1210 cum
756 1174 859 1210 circa
880 1185 913 1209 a.
936 1174 1120 1221 413—414
1143 1174 1325 1219 scriptam
1347 1183 1431 1209 esse
1455 1184 1570 1219 supra
1592 1174 1812 1215 dixerimus,

290 1233 492 1278 epistulam
528 1233 594 1268 149
628 1236 717 1268 ante
750 1243 784 1267 a.
817 1233 886 1267 414
919 1220 1100 1276 scriptam
1134 1242 1211 1267 non
1244 1242 1328 1267 esse
1361 1232 1444 1267 veri
1477 1236 1536 1267 est
1570 1232 1812 1275 simillimum.

289 1301 412 1335 neque
441 1301 534 1326 vero
562 1295 650 1334 post
677 1301 712 1325 a.
739 1290 819 1334 416,
847 1291 1028 1335 quoniam
1056 1291 1202 1334 script-a
1230 1294 1299 1334 est,
1328 1300 1402 1335 quo
1433 1294 1606 1334 tempore
1636 1290 1812 1326 Urbanus

286 1349 494 1393 episcopus
514 1348 639 1384 factus
658 1352 728 1393 est,
748 1348 955 1392 episcopus
977 1353 1105 1384 autem
1126 1348 1252 1384 factus
1273 1353 1333 1384 est
1352 1358 1430 1384 non
1449 1348 1549 1383 infra
1569 1359 1711 1384 annum
1735 1350 1812 1398 416.

290 1406 329 1442 id
352 1407 590 1453 intellegitur
614 1417 662 1442 ex
686 1402 771 1442 eius
794 1407 1042 1442 contentione
1067 1417 1152 1442 cum
1178 1407 1350 1451 Apiario,
1376 1407 1604 1452 presbytero
1631 1407 1813 1451 Siccensi,

288 1464 352 1509 qui
381 1470 540 1509 propter
565 1465 676 1500 varia
701 1465 846 1500 delicta
870 1465 917 1500 ab
944 1475 988 1500 eo
1015 1476 1039 1500 a
1062 1475 1219 1501 munere
1246 1469 1416 1500 remotus
1442 1469 1479 1500 et
1505 1465 1812 1501 excommunica-

289 1527 352 1558 tus
381 1527 474 1559 erat.
515 1523 656 1559 etenim
686 1523 869 1567 Apiarius
900 1522 1061 1558 Romam
1090 1523 1288 1567 profectus
1320 1534 1343 1558 a
1371 1533 1440 1558 suo
1470 1523 1654 1570 episcopo
1684 1523 1815 1568 appel-

290 1581 388 1616 lavit
405 1582 631 1626 episcopum
653 1581 840 1617 ecclesiae
863 1580 1061 1617 Romanae
1083 1581 1273 1617 Zosimum
1298 1586 1335 1617 et
1357 1581 1530 1616 Zosimus
1550 1582 1813 1626 appellatione

290 1639 462 1675 admissa
494 1639 800 1675 controversiam
836 1639 888 1674 ita
923 1639 1166 1684 diiudicavit,
1201 1645 1243 1674 ut
1278 1639 1421 1675 Urbani
1456 1639 1639 1675 iudicium
1676 1639 1816 1683 impro-

291 1700 400 1733 baret
432 1702 469 1733 et
504 1697 704 1742 Apiarium
740 1698 1140 1735 excommunicatione
1175 1698 1327 1733 sublata
1359 1698 1398 1733 in
1433 1698 1625 1743 integrum
1662 1698 1815 1733 restitui

292 1755 451 1791 iuberet.
499 1756 754 1802 gravissimae
794 1755 883 1792 inde
919 1755 1155 1791 offensiones
1192 1756 1409 1792 concitatae
1447 1761 1536 1791 sunt
1576 1757 1614 1792 in
1651 1756 1815 1791 ecclesia

287 1814 472 1849 Africana
495 1815 543 1850 ob
566 1825 727 1860 eamque
754 1824 910 1849 causam
937 1814 974 1850 in
1002 1814 1165 1849 concilio
1191 1814 1278 1849 Kal.
1303 1814 1399 1850 Mais
1424 1825 1457 1849 a.
1482 1809 1550 1850 418
1575 1814 1809 1859 Carthagine

287 1873 417 1908 habito
457 1873 654 1908 decretum
694 1877 763 1917 est,
803 1876 845 1907 ut
883 1873 1113 1918 presbyteri,
1151 1873 1306 1908 diaconi
1345 1873 1407 1908 vel
1450 1873 1568 1908 ceteri
1609 1872 1810 1908 inferiores

288 1930 416 1965 clerici
444 1930 481 1964 in
506 1930 645 1974 causis,
671 1940 766 1974 quas
792 1929 1027 1965 habuissent.
1055 1930 1085 1965 si
1112 1931 1159 1965 de
1186 1930 1335 1965 iudiciis
1363 1930 1630 1975 episcoporum
1657 1940 1810 1964 suorum

287 1987 413 2032 questi
439 1987 615 2032 fuissent,
640 1998 664 2022 a
688 1988 829 2023 vicinis
855 1988 1051 2032 episcopis
1077 1988 1303 2023 audirentur
1333 1993 1371 2023 et
1398 1988 1497 2023 inter
1523 1998 1601 2032 eos,
1627 1988 1809 2033 quicquid

287 2048 400 2089 esset,
436 2044 624 2089 finiretur3
661 2046 764 2091 quod
800 2046 832 2081 si
869 2050 906 2082 et
941 2047 989 2082 ab
1022 2046 1078 2081 eis
1112 2046 1404 2090 provocandum
1439 2046 1698 2091 putavissent,
1734 2056 1810 2081 non

288 2108 546 2147 provocarent
572 2103 646 2139 nisi
671 2105 720 2140 ad
746 2104 930 2139 Africana
956 2104 1122 2140 concilia.
1145 2105 1207 2140 vel
1233 2105 1282 2140 ad
1311 2105 1496 2149 primates
1523 2105 1810 2148 provinciarum

292 2172 461 2205 sua-rum3
489 2162 536 2197 ad
565 2162 825 2197 transmarina
851 2166 979 2198 autem
1006 2162 1071 2208 qui
1097 2163 1317 2206 putavisset
1342 2163 1630 2207 appellandum,
1660 2174 1682 2198 a
1710 2162 1813 2198 nullo

292 2219 394 2254 intra
413 2219 584 2255 Africam
607 2220 644 2254 in
666 2220 974 2256 communionem
999 2220 1304 2265 susciperetur.⁴)
1340 2221 1478 2266 quibus
1499 2222 1612 2256 rebus
1633 2220 1814 2265 gerendis

291 2288 375 2312 cum
401 2279 493 2314 anni
520 2277 688 2322 spatium
714 2278 780 2313 vix
808 2278 1006 2314 suffecisse
1036 2279 1259 2323 credideris,
1286 2279 1387 2314 haud
1415 2279 1592 2314 inmerito
1619 2278 1812 2314 Urbanum

291 2345 368 2370 non
398 2335 498 2371 infra
528 2346 562 2370 a.
592 2336 662 2370 416
690 2336 959 2380 episcopatum
990 2337 1107 2372 inisse
1138 2337 1359 2381 concludas,
1391 2337 1446 2372 ita
1477 2341 1516 2372 ut
1547 2336 1714 2380 epistula
1748 2336 1814 2370 149

291 2393 394 2428 circa
420 2403 543 2429 annos
569 2394 757 2429 414—416
785 2394 880 2430 data.
904 2405 988 2430 esse
1019 2395 1210 2430 videatur.

429 2451 607 2496 Epistula
636 2453 703 2488 15⁰
733 2452 975 2498 Augustinus
1003 2453 1146 2498 gaudio
1174 2453 1355 2489 exultans
1384 2453 1531 2488 Probae
1559 2457 1596 2488 et
1627 2452 1811 2495 Iulianae,

289 2510 371 2545 eius
405 2510 527 2554 nurui,
561 2510 782 2555 gratulatus
815 2514 886 2551 est,
923 2521 1007 2546 cum
1042 2511 1182 2546 certior
1216 2511 1342 2546 factus
1376 2514 1480 2546 esset
1516 2510 1811 2552 Demetriadem,

288 2567 460 2604 Iulianae
505 2568 635 2614 tiliam,
679 2568 974 2604 sanctimoniam
1019 2569 1248 2614 virginalem
1295 2580 1379 2605 esse
1425 2568 1651 2614 professam.
1707 2567 1811 2613 quod

430 2695 459 2739 ¹)
490 2706 526 2739 p.
551 2689 621 2730 3322
623 2696 761 2740 ,.3—8
955 2696 985 2740 ²)
1015 2705 1050 2740 p.
1076 2697 1157 2741 380,
1183 2696 1309 2731 5—10.

436 2753 465 2797 ³)
493 2752 697 2798 Augustin.
720 2753 891 2789 Retract.
913 2754 947 2788 ll
970 2754 1025 2788 41.

431 2809 461 2855 ⁴)
491 2810 615 2846 Mansi
646 2811 782 2846 concil.
817 2811 901 2846 coll.
935 2811 988 2845 III
1021 2822 1057 2856 p
1088 2812 1156 2847 822
1172 2811 1218 2856 1);
1249 2813 1319 2847 830
1333 2811 1537 2847 E—835A.
