2078 3054
293 146 373 189 136

335 288 457 313 sorem
479 278 559 313 eius
578 278 627 313 ad
647 278 871 314 solvendam
891 278 1067 314 eandem;

336 337 600 380 quaestionem
638 337 866 381 provocavit
902 337 936 372 ΙΙ
971 338 1050 382 346,

337 395 391 429 15.
437 395 595 430 Latinae
640 395 794 440 linguae
839 396 968 441 inopia
1013 379 1069 473 in*

336 453 414 488 suis
442 453 660 498 regionibus
687 454 951 500 evangelicam
977 454 1051 490 dis-

335 511 598 555 pensationem
658 512 823 555 multum,
877 512 1050 549 laborare

335 569 581 623 conqueritur
604 569 639 604 Π
658 570 739 615 393,
762 571 794 606 9.
817 571 921 616 apud
943 571 1050 607 Cala-

334 638 434 662 mam
475 632 559 663 erat
600 632 688 673 post
729 629 957 666 seditionem
999 629 1051 666 ibi

336 689 519 731 exortam,
569 691 611 721 ut
662 698 752 723 suos
803 688 866 723 vel
916 698 1051 725 conso-

334 744 477 779 laretur
536 744 714 781 adflictos
775 747 839 783 vel
899 747 1051 783 sedaret

334 812 518 839 accensos
553 803 590 838 Π
622 805 702 849 434,
737 805 793 840 22.
826 803 1051 841 Madauren-

335 871 395 897 ses
428 872 513 897 cum
545 862 693 898 litteras
725 864 775 899 ad
808 874 893 899 eum
927 864 1051 900 dedis-

334 922 431 963 sent,
462 920 662 965 respondit
692 931 750 966 ep.
781 921 850 957 232
880 923 1051 968 graviter

335 980 374 1012 et
427 987 561 1014 severe
614 989 681 1014 eos
735 980 956 1025 exhortans,
1007 984 1050 1016 ut

333 1034 466 1071 relicto
531 1037 800 1082 superstitioso
862 1038 1051 1074 idolorum

334 1093 440 1129 cultu
503 1094 540 1129 in
605 1095 769 1131 ecclesia
832 1096 1051 1139 Christiana

337 1155 533 1188 aeternam
590 1154 753 1190 salutern
803 1158 1047 1200 quaererent.

334 1210 423 1245 item
453 1211 679 1248 Donatistas
707 1216 750 1248 ut
779 1224 826 1250 ex
856 1224 983 1250 errore
1012 1214 1051 1250 in

333 1269 535 1304 ecclesiam
572 1271 803 1307 catholicam
839 1272 1051 1318 reduceret,

333 1327 383 1362 ad
405 1338 470 1363 eos
491 1328 693 1365 universos
716 1340 773 1374 ep.
796 1330 863 1365 105
884 1330 1049 1376 scripsit.

333 1386 467 1421 eodem
511 1387 672 1423 consilio
717 1388 927 1434 eodemque
971 1390 1050 1425 fere

333 1446 503 1488 tempore
533 1445 581 1481 ad
609 1445 814 1489 Donatum,
843 1447 907 1492 qui
935 1448 1049 1483 modo

333 1500 503 1537 Africam
559 1514 625 1548 pro
681 1505 838 1540 consule
891 1506 1051 1542 admini-

334 1563 537 1606 straverat,
571 1572 629 1607 ep.
665 1562 732 1598 112
765 1563 869 1599 misit
902 1563 937 1599 II
970 1565 1050 1610 659,

332 1618 365 1653 2.
401 1619 590 1665 supplicio
624 1631 671 1657 ne
705 1621 952 1658 afficerentur
983 1623 1051 1659 ali-

330 1680 427 1722 quot
477 1678 718 1723 Donatistae,
771 1680 1050 1725 deprecabatur

333 1735 388 1770 lII
419 1736 497 1781 150,
530 1737 561 1772 1.
593 1738 644 1773 ad
673 1738 793 1774 laicos
824 1738 1051 1789 Donatistas

333 1804 390 1839 ep.
411 1794 476 1830 141
500 1796 665 1841 scripsit,
685 1807 761 1842 qua
780 1808 846 1834 eos
867 1798 1050 1835 certiores

333 1852 490 1898 faceret,
536 1865 633 1899 quae
679 1859 792 1902 gesta
836 1861 966 1893 essent
1012 1858 1050 1892 in

334 1911 554 1948 conlatione
577 1912 871 1959 Carthaginensi
887 1915 948 1950 ,ΙΙΙ
973 1916 1050 1961 153,

333 1973 370 2015 3;
400 1983 514 2017 quam
542 1984 600 2017 ep.
628 1977 757 2018 patres
786 1974 938 2009 concilii
967 1974 1052 2010 Zer-

334 2033 466 2077 tensis,
500 2033 643 2078 ‘quibus
681 2033 731 2068 ab
768 2033 813 2067 A.
853 2032 1052 2078 proposita

333 2094 404 2135 est,
443 2101 550 2126 suam
591 2091 728 2127 fecisse
767 2102 814 2127 ex
852 2091 1051 2127 Retracta-

334 2151 481 2204 tionum
518 2152 541 2187 l.
580 2152 615 2186 II
653 2163 684 2188 c.
722 2152 767 2187 40
805 2152 946 2188 scimus
983 2152 1049 2196 (cf.

334 2212 418 2248 Ind.
446 2213 501 2248 lII
527 2223 565 2258 p.
591 2213 666 2257 38).
694 2213 732 2248 in
759 2212 922 2248 concilio
949 2213 1051 2248 Mile-

332 2273 467 2308 vitano
495 2272 620 2308 adfuit
647 2273 701 2307 III
729 2273 809 2317 663,
835 2273 858 2308 5
885 2275 924 2308 et
952 2273 1050 2308 inter

333 2333 417 2369 illos
457 2333 624 2378 quinque
663 2330 866 2379 episcopos
903 2333 1050 2369 inveni-

334 2398 406 2438 tur,
431 2394 495 2439 qui
522 2405 579 2439 ep.
607 2394 675 2429 177
700 2395 750 2430 ad
774 2405 914 2439 papam
938 2394 1049 2430 Inno-

334 2454 500 2490 centium
551 2454 748 2499 miserunt,
799 2454 937 2499 quibus
987 2455 1049 2491 ille

333 2515 532 2560 respondit
559 2526 617 2560 ep.
646 2516 725 2551 183.
753 2515 906 2551 concilii
932 2526 1050 2551 causa

332 2573 564 2620 Carthagine
635 2579 893 2610 commoratus
963 2576 1050 2612 inde

334 2634 597 2670 ecclesiastica
630 2635 861 2671 necessitate
895 2646 919 2671 a
951 2646 1050 2681 papa

338 2694 489 2730 Zosimo
504 2695 679 2731 iniuncta
691 2695 931 2740 Caesaream,
946 2696 1049 2732 Mau-

334 2754 504 2790 retaniae
538 2755 731 2800 oppidum,
765 2756 960 2800 profectus
993 2760 1051 2792 est

335 2814 388 2849 lV
417 2814 495 2860 137,
524 2815 556 2850 9.
587 2815 666 2860 167,
695 2815 749 2851 13.
780 2816 859 2862 168,
886 2816 919 2851 2.
948 2816 1050 2863 quod

962 162 1104 197 Index
1131 162 1175 196 V.

1131 279 1175 314 A.
1215 279 1253 314 in
1293 291 1351 324 ep.
1391 281 1457 315 194
1494 280 1544 315 ad
1583 279 1844 325 presbyterum

1133 337 1282 373 sixtum
1303 339 1395 374 data
1416 339 1462 374 de
1484 339 1545 374 dei
1565 339 1692 385 gratia
1712 342 1847 375 contra

1131 396 1360 442 Pelagianos
1388 401 1629 442 exposuerat,
1655 398 1694 432 in
1719 408 1848 433 mona-

1132 455 1247 490 sterio
1308 454 1447 499 aliquo.
1506 465 1592 490 cum
1651 456 1847 500 cognitum

1131 515 1244 556 esset,
1268 512 1398 547 tristes
1422 513 1682 548 dissensiones
1706 513 1846 548 excita-

1130 569 1198 613 vit,
1245 569 1383 614 quibus
1430 570 1609 606 sedandis
1656 570 1754 606 inter
1804 571 1847 606 A.

1130 630 1169 663 et
1213 628 1471 672 Valentinum,
1517 625 1739 664 monasterii
1763 629 1847 664 -ab-

1131 686 1270 729 batem,
1325 687 1566 731 conscriptae
1620 691 1710 723 sunt.
1763 698 1847 732 epp.

1131 744 1326 779 214-216.
1362 744 1400 779 in
1436 744 1662 780 feminarum
1696 755 1847 790 quoque

1132 802 1376 838 monasterio.
1419 802 1483 837 ubi
1525 806 1681 848 propter
1724 814 1847 849 repre-

1131 860 1335 896 hensiones
1371 860 1519 905 aliquas
1553 861 1770 897 discordiae
1803 872 1847 897 ac

1132 919 1318 954 tumultus
1344 923 1478 955 exorta
1504 924 1624 965 erant,
1646 923 1690 956 ut
1714 930 1847 965 pacem

1131 977 1367 1022 conciliaret,
1394 981 1575 1013 exoratus
1604 988 1688 1023 epp.
1716 978 1784 1014 210
1811 980 1849 1014 et

1130 1036 1196 1071 211
1240 1035 1524 1072 oboedientiam
1566 1037 1768 1072 restituere
1811 1044 1849 1072 et

1130 1093 1373 1139 disciplinam
1414 1094 1583 1130 stabilire
1623 1094 1847 1130 conabatur.

1130 1152 1317 1188 adversus
1380 1152 1608 1198 Pelagianos
1673 1164 1848 1199 pugnans

1131 1221 1190 1255 ep.
1240 1210 1308 1246 179
1355 1210 1576 1255 Iohannem,
1625 1212 1847 1257 episcopum

1130 1268 1534 1314 Hierosolymitanum,
1570 1269 1678 1313 adiit,
1712 1274 1755 1305 ut
1790 1280 1847 1306 ec—

1131 1327 1349 1363 clesiastica
1394 1331 1508 1373 gesta
1553 1327 1692 1373 synodi
1739 1327 1847 1363 Dios-

1130 1384 1325 1429 politanae
1371 1385 1443 1420 sibi
1488 1386 1749 1421 transmittere
1794 1385 1848 1420 di-

1130 1447 1314 1487 gnaretur
1345 1437 1397 1477 ῙΙΙ
1427 1443 1507 1488 695,
1537 1443 1574 1486 9;
1606 1443 1652 1484 cf.
1685 1443 1737 1478 IV
1766 1444 1847 1486 300,

1132 1501 1187 1536 18.
1219 1501 1414 1545 Fussalae,
1446 1502 1485 1536 in
1516 1502 1675 1537 castello
1708 1502 1849 1546 Hippo-

1132 1558 1255 1594 niensi
1310 1559 1502 1594 territorio
1556 1559 1709 1602 confini,
1763 1570 1847 1594 cum

1130 1619 1246 1651 antea
1279 1627 1486 1661 numquam
1520 1617 1723 1662 episcopus
1757 1617 1847 1652 fuis-

1131 1677 1201 1718 set,
1237 1674 1501 1719 episcopatum
1536 1675 1736 1710 instituere
1770 1675 1849 1710 ani-

1131 1743 1234 1767 mum
1267 1733 1417 1768 induxit
1448 1733 1501 1768 IV
1531 1734 1612 1773 348,
1645 1734 1676 1769 1.
1710 1734 1777 1769 sed
1811 1733 1847 1768 in

1131 1791 1308 1837 eligendo
1349 1792 1530 1837 episcopo
1569 1792 1735 1828 adversa
1774 1793 1848 1828 for-

1132 1854 1225 1885 tuna
1257 1860 1349 1886 usus
1381 1854 1454 1894 est3
1487 1851 1706 1886 Antoninus
1739 1851 1849 1895 enim,

1131 1918 1243 1952 quem
1313 1908 1596 1953 designaverat,
1667 1909 1849 1954 indignis-

1133 1966 1268 2001 simum
1301 1977 1340 2001 se
1372 1966 1580 2011 praebebat
1609 1968 1690 2011 349,
1724 1968 1778 2002 12.
1811 1968 1848 2002 in

1131 2034 1283 2069 magno,
1327 2026 1431 2070 quod
1474 2025 1561 2061 inde
1607 2029 1733 2061 ortum
1778 2029 1848 2069 est,

1131 2083 1300 2128 periculo
1364 2087 1513 2119 tantum
1575 2084 1749 2120 timorem
1811 2089 1848 2120 et

1131 2152 1342 2178 maerorem
1382 2152 1422 2178 se
1461 2143 1704 2179 excruciasse
1743 2143 1847 2186 dicit,

1131 2204 1174 2235 ut
1196 2200 1246 2235 ab
1268 2200 1396 2236 officio
1419 2202 1577 2247 gerendi
1600 2201 1845 2246 episcopatus

1131 2258 1319 2304 cogitaret
1345 2258 1552 2295 abscedere
1578 2264 1615 2295 et
1641 2271 1681 2296 se
1706 2260 1846 2296 lamen-

1131 2319 1180 2353 tis
1234 2320 1356 2360 errori,
1404 2331 1473 2356 suo
1527 2320 1846 2357 convenientibus

1130 2380 1270 2416 dedere
1299 2381 1381 2426 352,
1413 2381 1469 2416 22.
1500 2382 1584 2426 ipso
1617 2386 1765 2418 mortuo
1800 2394 1846 2418 ne

1130 2441 1222 2485 quid
1261 2442 1492 2486 turbaretur,
1530 2454 1671 2488 magna
1710 2444 1843 2488 populi

1130 2501 1410 2537 adclamatione
1462 2513 1722 2538 successorem
1775 2503 1846 2538 sibi

1130 2562 1350 2608 designavit
1396 2564 1587 2599 Eraclium
1634 2564 1686 2599 IV
1730 2564 1846 2600 372—

1129 2623 1210 2659 379.

1165 2696 1237 2738 ,Ad
1281 2696 1554 2741 Hieronymum
1598 2685 1642 2730 A]
1687 2695 1844 2740 primam

1131 2757 1332 2802 epistulam
1396 2759 1468 2802 (ep.
1529 2757 1587 2801 28)
1647 2756 1846 2802 presbyter

1131 2817 1285 2862 scripsit
1331 2817 1363 2852 ΙΙ
1410 2811 1489 2862 249,
1537 2817 1591 2861 13,
1638 2827 1713 2862 qua
1759 2826 1843 2852 eum
