2078 3054
279 119 366 160 292

332 245 495 290 gratiam
539 244 613 288 dei,
654 254 768 289 quam
811 243 874 279 vel
915 247 1045 278 tacere

323 303 385 338 vel
422 312 563 347 negare
600 301 803 345 diceretur,
841 300 1040 345 apertissi-

323 371 382 396 me
417 359 592 395 confiteri
628 359 680 397 IV
718 359 794 404 130,
831 359 884 394 16.
919 359 1040 395 verba

323 428 370 453 ex
398 417 468 452 hoc
493 417 589 452 libro
616 416 770 461 prolata
796 416 848 451 IV
877 417 955 461 122,
984 417 1038 452 18.

324 475 492 521 quinque
535 475 709 519 episcopi
753 484 879 520 papae
924 474 1037 510 Inno-

321 533 448 568 centio
485 533 723 577 scripserunt
760 524 958 569 audivisse
997 543 1037 568 se

321 601 405 626 esse
430 591 470 626 in
492 591 585 626 urbe
608 589 743 636 Roma,
766 591 831 627 ubi
854 591 1036 637 Pelagius

320 648 386 684 diu
420 649 596 694 vixisset,
630 649 848 695 nonnullos,
882 649 948 695 qui
981 649 1037 685 di-

320 707 445 742 versis
468 707 596 743 causis
621 707 656 743 ei
677 707 857 743 faverent
878 707 933 742 III
956 707 1036 753 670,

320 765 354 809 73
385 765 431 807 cf.
460 765 538 811 726,
569 765 602 800 2.
630 764 863 811 Pelagianos
889 765 1035 801 Romae

318 833 403 859 esse
453 833 524 859 nec
573 823 779 860 ostendere
830 833 870 860 se
919 833 1035 868 posse

318 881 518 925 rescripsit
562 881 813 917 Innocentius
857 891 928 918 nec
971 892 1036 917 ne-

318 950 423 986 gare,
455 949 553 985 cum,
585 940 661 976 etsi
694 943 836 985 essent,
868 939 1036 976 laterent

319 1008 389 1033 nec
429 998 620 1034 auderent
660 997 860 1044 Pelagium
903 998 1034 1034 defen-

317 1055 408 1092 dere
437 1056 510 1101 vel,
542 1067 640 1102 quae
673 1056 929 1101 praedicaret,
959 1056 1034 1091 iac-

317 1118 400 1150 tare
428 1113 483 1148 III
510 1114 589 1159 726,
616 1114 648 1149 5.
675 1113 797 1150 Nolae
825 1112 1032 1158 tanta'pro

317 1172 391 1207 isto
439 1182 568 1208 errore
613 1172 876 1208 obstinatione
922 1182 1034 1218 quos·

316 1230 404 1265 dam
441 1230 512 1266 niti
547 1229 731 1266 audiebat
764 1230 820 1276 A„
855 1235 897 1266 ut
932 1230 1033 1266 dice·

317 1293 401 1324 rent
431 1288 583 1324 facilius
615 1298 712 1333 esse,
745 1293 787 1324 ut
818 1288 933 1326 etiam
964 1288 1032 1324 Pe-

316 1348 460 1393 lagium
494 1349 729 1395 desererent,
762 1360 877 1395 quam
910 1355 952 1385 ut
984 1350 1032 1385 ab

316 1407 397 1442 cius
425 1407 618 1443 sententia
642 1407 886 1443 discederent
911 1408 964 1443 IV
977 1408 1034 1452 68,

317 1465 370 1500 13.
407 1475 484 1500 non
520 1475 653 1510 parum
690 1465 846 1501 veritati
882 1466 1034 1511 propin-

315 1527 481 1567 quarunt
510 1522 708 1569 Pelagiani
739 1524 777 1559 in
807 1523 1033 1568 quaestione

313 1580 362 1616 de
382 1580 572 1626 baptismo
593 1581 852 1626 parvulorum,
873 1592 959 1617 cum
980 1582 1032 1617 in-

316 1638 504 1674 fantulum
525 1649 592 1684 per
612 1649 690 1683 eos,
711 1649 734 1674 a
753 1639 891 1684 quibus
911 1639 1031 1684 bapti-

315 1696 460 1732 zandus
475 1696 689 1741 offerretur,
704 1697 859 1733 credere
876 1697 1031 1733 confite-

314 1753 453 1789 bantur
468 1754 520 1789 IV
530 1755 607 1799 168,
622 1754 677 1791 28.
692 1755 772 1799 212,
785 1755 819 1790 5.
833 1755 913 1799 213,
927 1755 960 1790 5.
976 1754 1031 1790 11.

314 1812 547 1848 auctoritate
570 1813 800 1859 evangelica
820 1813 946 1862 territi
966 1813 1029 1849 vel

319 1871 450 1914 potius
503 1870 810 1907 Christianorum
866 1871 1027 1917 populo-

314 1939 396 1964 rum
427 1929 733 1964 concordissima
759 1929 849 1965 fidei
878 1929 1030 1974 conspi—

314 1980 465 2023 ratione'
494 1987 679 2031 perfracti
707 1987 790 2023 sine
818 1987 898 2023 ulla
923 1997 1029 2023 recu-

314 2045 464 2080 satione
541 2044 807 2081 concedebant
882 2045 1027 2081 nullum

313 2102 517 2146 parvulum
546 2102 620 2138 nisi
648 2107 823 2139 renatum
852 2113 900 2140 ex
927 2114 1028 2150 aqua

312 2166 350 2196 et
399 2160 539 2205 spiritu
588 2161 732 2196 intrare
781 2161 819 2196 in
866 2172 1026 2207 regnum

312 2218 506 2254 caelorum
544 2219 594 2254 IV
630 2219 709 2264 200,
746 2219 801 2255 23.
838 2219 883 2255 A.
919 2219 1027 2255 Pela-

311 2276 448 2321 gianos
480 2277 555 2312 iam
587 2287 664 2312 non
694 2277 943 2313 existimabat
972 2277 1027 2312 di-

312 2344 411 2380 cere,
472 2334 624 2370 etiamsi
686 2345 764 2370 non
825 2339 1026 2379 peccasset

312 2391 447 2436 Adam,
478 2392 596 2428 fuisse
627 2392 689 2428 vel
722 2402 883 2438 corpore
914 2392 1026 2428 mori-

312 2455 438 2485 turum
468 2449 520 2485 IV
548 2450 624 2495 175,
653 2450 685 2486 2.
710 2449 911 2496 Pelagiani
938 2461 1026 2486 con-

311 2507 560 2543 clamantium
586 2508 854 2554 religiosorum
880 2513 919 2544 et
945 2509 1025 2553 pio-

311 2576 392 2600 rum
425 2565 585 2601 vocibus
618 2568 742 2610 pressi
773 2566 829 2601 ita
859 2577 899 2602 se
931 2566 1025 2602 sate-

311 2622 450 2657 bantur
476 2623 525 2658 ad
553 2622 766 2659 habendam
794 2634 861 2659 seu
886 2623 1027 2659 facien-

310 2681 398 2716 dam
448 2681 635 2716 iustitiam
682 2681 871 2717 divinitus
918 2681 1024 2717 adiu-

310 2739 405 2783 vari,
434 2743 475 2774 ut
507 2739 565 2774 sui
596 2739 847 2782 praecederet
877 2739 1023 2785 aliquid

310 2796 436 2832 meriti
468 2796 520 2831 IV
551 2797 627 2842 180,
659 2797 711 2832 11.
741 2796 842 2832 idem
871 2808 918 2833 ex
948 2806 1022 2843 quo

953 128 1098 166 Index
1121 127 1167 165 V.

1123 242 1297 278 damnati
1348 248 1448 290 sunt,
1510 255 1677 282 errorem
1729 257 1839 282 suum

1124 305 1191 335 aut
1246 300 1403 337 liberius
1458 303 1667 340 defendere
1723 304 1839 340 aude-

1122 358 1215 394 bant
1240 364 1314 398 aut.
1329 360 1501 404 pressius
1525 366 1640 407 atque
1665 362 1838 398 timidius

1123 416 1365 453 insusurrare
1388 428 1468 464 non
1495 420 1701 456 cessabant
1724 430 1838 465 pene-

1122 478 1272 510 trantes
1308 475 1444 511 domos
1482 481 1549 512 aut
1586 477 1723 514 timore
1761 488 1839 514 om-

1122 532 1214 568 nino
1262 533 1438 579 silebant,
1486 535 1588 580 quod
1636 535 1676 571 in
1721 536 1837 572 corde

1122 590 1379 635 retinebant3-
1407 593 1569 637 quorum
1608 593 1694 629 illos
1731 604 1838 630 seve-

1122 648 1201 683 rius
1253 648 1515 685 cohercendos
1566 651 1729 695 putabat
1781 651 1837 692 A..

1121 705 1265 742 alteros
1303 707 1532 753 vigilantius
1571 709 1837 755 vestigandos,

1120 763 1189 799 hos
1236 765 1463 801 tractandos
1510 766 1665 812 quidem
1711 766 1837 803 lenius

1121 822 1189 858 sed
1229 833 1306 858 non
1347 823 1504 869 segnius
1546 824 1744 861 docendos
1783 825 1836 859 IV

1121 879 1199 925 164,
1231 881 1263 916 9.
1297 881 1373 926 177,
1409 881 1462 917 18.
1494 882 1560 927 qui
1591 882 1622 918 si
1653 883 1836 928 resipuis-

1120 943 1207 974 sent
1253 938 1433 983 deposito
1482 940 1595 985 pravi
1640 940 1836 986 dogmatis

1119 1006 1260 1042 errore,
1296 997 1336 1032 in
1371 996 1574 1033 ecclesiam
1612 1008 1678 1034 eos
1714 998 1835 1042 recipi

1120 1054 1232 1090 iussit
1271 1054 1521 1091 Innocentius
1561 1055 1616 1090 III
1655 1056 1734 1102 722,
1776 1057 1833 1100 113

1119 1112 1166 1153 cf.
1205 1112 1284 1159 713,
1322 1113 1352 1148 1.
1389 1113 1469 1158 716,
1505 1114 1559 1149 10.
1597 1113 1752 1150 Iudaeis
1789 1114 1834 1149 A.

1117 1180 1185 1205 eos
1219 1170 1319 1206 dixit
1354 1170 1569 1207 simillimos
1601 1171 1655 1206 IV
1689 1173 1742 1217 77,
1780 1172 1833 1208 17.

1118 1227 1197 1273 220,
1231 1228 1288 1273 183
1321 1228 1368 1270 cs.
1401 1228 1456 1263 III
1486 1229 1565 1275 452,
1601 1230 1655 1265 12.
1686 1227 1832 1275 453,’1;

1118 1296 1195 1321 non
1224 1286 1379 1332 quidem
1407 1287 1562 1323 nomine
1591 1298 1657 1325 eos
1683 1288 1752 1324 sed
1778 1292 1833 1324 ta-

1117 1354 1205 1379 men
1229 1354 1358 1381 errore
1384 1345 1581 1381 iudaizare
1606 1345 1659 1381 IV
1683 1346 1833 1391 220,23.

1165 1404 1278 1441 Nova
1318 1405 1616 1452 Pelagianorum
1660 1407 1832 1442 haeresis

1116 1463 1273 1499 inimica
1316 1464 1465 1510 gratiae
1510 1464 1653 1500 Christi
1697 1469 1834 1500 contra

1115 1521 1318 1557 ecclesiam
1352 1521 1495 1558 Christi
1525 1523 1738 1558 conabatur
1768 1526 1832 1558 'ex-

1116 1589 1286 1625 surgere,
1309 1580 1377 1615 sed
1399 1580 1640 1626 aliquamdiu
1660 1581 1830 1616 nondum

1115 1637 1317 1674 evidenter
1355 1638 1403 1674 ab
1443 1638 1610 1674 ecclesia
1649 1642 1831 1683 separata

1116 1699 1199 1731 erat
1226 1695 1281 1730 III
1307 1696 1387 1742 689,
1415 1696 1472 1741 143
1501 1696 1548 1738 ct.
1575 1696 1654 1742 664,
1684 1697 1737 1732 15.
1761 1696 1830 1732 Pe-

1113 1753 1291 1799 lagianos
1327 1754 1505 1790 inimicos
1539 1765 1579 1790 se
1616 1754 1829 1790 catholicae

1115 1810 1204 1849 fidei
1243 1816 1282 1848 et
1318 1812 1381 1848 dei
1421 1812 1618 1848 beneficiis
1656 1811 1828 1857 profiteri

1115 1869 1289 1915 ingratos
1330 1870 1426 1906 dicit
1466 1869 1716 1906 Innocentius
1759 1880 1828 1905 nec

1114 1927 1307 1963 catholica
1345 1928 1614 1964 communione
1652 1938 1736 1964 esse
1774 1928 1828 1963 di-

1113 1995 1212 2031 gnos
1237 1985 1293 2020 III
1318 1986 1396 2031 711,
1421 1986 1454 2022 3.
1480 1996 1595 2032 quam
1620 1985 1828 2030 periculosi

1113 2048 1244 2080 essent
1282 2054 1353 2080 nec
1392 2044 1505 2080 facile
1543 2043 1827 2088 contemnendi,

1112 2101 1157 2137 A.
1201 2102 1352 2137 monuit
1393 2101 1648 2146 Honoratum3
1708 2101 1828 2137 conti-

1112 2164 1248 2195 nenter
1288 2159 1389 2195 enim
1430 2170 1496 2198 eos
1536 2159 1669 2195 vivere
1710 2164 1826 2204 atque

1112 2217 1152 2252 in
1193 2218 1304 2253 bonis
1344 2218 1526 2262 operibus
1567 2228 1651 2254 esse
1694 2217 1827 2253 lauda-

1110 2274 1206 2311 biles
1241 2285 1311 2311 nec
1345 2275 1484 2311 falsum
1519 2275 1713 2311 Christum
1747 2285 1826 2310 cre-

1111 2333 1212 2377 dere,
1259 2333 1325 2369 sed
1371 2337 1500 2368 tamen
1545 2333 1722 2378 ignorare
1767 2332 1828 2367 dei

1111 2380 1298 2426 iustitiam
1347 2396 1386 2427 et
1433 2401 1540 2427 suam
1588 2390 1824 2426 constituere

1110 2448 1209 2484 velle
1242 2448 1297 2483 III
1330 2449 1409 2494 231,
1443 2449 1495 2484 18.
1526 2448 1621 2484 haec
1654 2448 1824 2484 haeresis

1110 2507 1402 2552 antiquissimae
1430 2505 1520 2542 fidei
1547 2506 1719 2542 stabilita
1746 2516 1824 2541 mo-

1108 2564 1273 2600 liebatur
1313 2564 1566 2600 fundamenta
1605 2563 1823 2600 convellere

1110 2621 1298 2658 adversus
1353 2622 1416 2658 dei
1470 2622 1636 2668 gratiam
1691 2621 1822 2666 dispu-

1109 2680 1228 2718 tando
1257 2680 1309 2715 IV
1337 2680 1414 2724 157,
1440 2679 1475 2723 9;
1503 2680 1551 2721 cf.
1576 2679 1632 2714 III
1659 2679 1740 2725 661,
1768 2679 1821 2713 11.

1108 2738 1187 2782 666,
1215 2738 1268 2773 10.
1295 2737 1374 2782 690,
1402 2738 1433 2772 8.
1461 2747 1537 2772 non
1563 2747 1719 2782 parvus,
1744 2746 1821 2771 non

1108 2795 1313 2831 mediocris
1341 2800 1423 2831 erat
1454 2794 1604 2830 illorum
1634 2804 1739 2830 error
1769 2794 1821 2830 IV

2066 2275 2075 2454 ..mnu-ww
2071 2207 2073 2209 ,
2060 2132 2074 2167 ,μ
2072 2111 2074 2113 .
2070 2081 2074 2087 .
2072 2060 2074 2066 .
2075 2020 2078 2021 Ἰ
2062 1946 2078 1977 J*-
2076 1910 2078 1914 ,

2061 2688 2066 2697 2
2062 2631 2069 2643 ,ι
2062 2528 2072 2619 vua-m
