2078 3054
320 149 479 183 xxxiv
956 148 1198 182 l'ravfat-io.

314 265 586 320 praepositae.
605 267 637 319 1)
675 265 788 307 solae
825 268 967 306 autem
1006 268 1203 317 quattuor
1241 263 1402 318 priores
1434 264 1654 318 epistulae,
1696 264 1739 306 id
1771 270 1835 308 ost

313 344 378 384 ep.
414 330 474 369 18.
515 328 581 369 20.
622 330 682 369 19,
720 330 753 380 1,
798 328 916 370 cuius
958 328 1121 369 initium
1164 332 1328 368 tantuin
1371 333 1501 380 extat,
1544 327 1655 370 duae
1696 334 1836 383 partes

313 393 412 434 folio
442 392 595 434 amisso
624 392 883 443 interierunt,
917 392 1193 433 inveniuntur
1220 391 1261 432 in
1286 391 1429 434 codice
1454 391 1683 434 Parisino
1706 392 1835 433 2983

312 470 419 498 saec.
445 456 527 497 XII
560 455 726 509 scripto.
759 459 990 509 praeterea,
1035 469 1143 508 quae
1175 455 1382 510 epistulae
1414 455 1454 496 in
1490 455 1633 498 codice
1665 455 1833 497 Laudu·

313 520 430 562 nensi
473 519 671 560 collectae
713 523 823 570 sunt,
866 518 1035 560 easdem
1079 518 1225 560 eodem
1268 519 1415 561 ordine
1458 519 1583 560 etiam
1625 532 1753 574 supra
1793 520 1835 561 in

313 597 466 637 magna
498 582 567 623 illa
599 583 873 637 epistularum
903 582 1119 624 volumina
1139 588 1331 637 receptas
1354 582 1550 635 vidimus,
1583 583 1624 624 in
1648 582 1835 625 codicem

312 647 546 689 Parisinum
590 660 685 688 nov.
718 659 808 700 acq.
845 646 956 687 1672
999 659 1106 687 saec.
1142 647 1216 698 IX,
1261 647 1365 688 Mus.
1402 647 1501 688 Brit.
1535 647 1638 701 Reg.
1671 648 1697 687 ὗ
1740 648 1837 688 Dvr

311 724 419 753 saec.
451 710 671 762 XI-XII,
718 710 927 752 Parisino's
961 710 1070 751 1928
1103 723 1210 752 saec.
1243 710 1326 752 XII
1360 714 1401 751 et
1435 710 1543 750 1929
1576 723 1686 752 saec.
1716 711 1835 763 Xlll,

310 775 562 816 Trecensem
601 775 656 814 40
695 787 801 815 saec.
834 774 952 825 XIlI,
1003 774 1231 816 Vaticanos
1267 774 1352 814 495
1398 779 1438 815 ct
1480 774 1564 815 499
1602 787 1710 815 saec.
1741 775 1833 816 XV.

311 852 415 892 quos
447 839 553 879 inter
586 837 751 879 codices
783 851 929 879 omnes
960 837 1203 892 integritate
1236 837 1404 879 excellit
1437 837 1652 879 Parisinus
1684 837 1833 880 12210.

311 903 381 955 qui
429 916 522 943 cum
569 901 815 956 saepissime
863 902 994 943 verba
1039 902 1148 943 male
1191 901 1391 944 distincta
1435 901 1589 944 habeat
1632 901 1748 943 velut
1792 902 1834 942 in

310 980 374 1020 ep.
400 966 482 1006 226
505 980 543 1021 p.
562 966 659 1018 471,
691 966 737 1006 15
752 966 1247 1021 primamwerc'tvafidei
1269 969 1343 1017 (==
1359 966 1507 1018 prima
1530 966 1679 1007 merita
1701 966 1834 1021 fidei),

310 1029 500 1071 concludi
540 1043 662 1084 posse
700 1029 867 1071 videtur
904 1030 1203 1084 transcriptum
1243 1043 1339 1071 eum
1382 1042 1474 1071 esse
1517 1043 1569 1071 ex
1603 1029 1835 1084 exemplari

311 1094 450 1135 verbis
481 1107 563 1135 non
597 1092 804 1134 distinctis
836 1092 1038 1135 confecto.
1073 1094 1174 1135 satis
1206 1098 1347 1135 autem
1380 1093 1582 1135 mendose
1604 1106 1699 1135 cum
1722 1098 1833 1134 tran-

309 1158 489 1212 scriptus
527 1162 648 1208 esset,
691 1156 883 1199 adhibito
921 1156 1068 1199 eodem
1102 1157 1280 1199 fortasse
1313 1157 1545 1212 exemplari
1578 1157 1631 1199 ab
1663 1158 1756 1212 ipso
1788 1158 1833 1198 li-

310 1222 447 1263 brario
484 1227 557 1263 aut
593 1222 645 1262 ab
683 1221 764 1262 alio
802 1221 891 1262 viro
931 1221 1050 1262 docto
1087 1221 1253 1274 aequali
1291 1234 1448 1275 magna
1485 1235 1578 1263 cum
1618 1221 1838 1276 diligentia

310 1290 518 1327 correctus
555 1290 630 1327 est.
673 1284 908 1326 secundum
948 1284 1102 1326 deinde
1134 1286 1270 1327 locum
1304 1285 1468 1327 obtinet
1501 1284 1635 1326 codex
1669 1285 1837 1326 Laudu-

309 1349 452 1391 nensis
492 1349 573 1390 134
615 1354 655 1389 et
696 1349 1012 1403 propinquitate
1057 1362 1150 1390 cum
1195 1348 1265 1391 illo
1308 1349 1558 1390 coniunctus
1600 1353 1675 1400 est,
1719 1349 1839 1390 cuius

308 1413 635 1468 propinquitatis
667 1413 793 1454 etiam
825 1412 1012 1454 codicem
1037 1413 1141 1455 Mus.
1168 1413 1268 1454 Brit.
1295 1414 1397 1468 Reg.
1421 1414 1448 1451 ἵ)
1471 1413 1569 1454 DVI
1591 1413 1839 1467 participem

309 1490 401 1518 esse
443 1476 712 1518 manifestum
757 1481 830 1518 est.
880 1490 1027 1518 verum
1073 1481 1240 1531 praeter
1285 1477 1624 1531 expectationem
1671 1476 1838 1528 accidit,

309 1540 420 1594 quod
453 1540 585 1582 codex
618 1540 896 1595 perantiquus
929 1540 1146 1582 Parisinus
1177 1554 1272 1582 nov.
1297 1554 1388 1594 acq.
1419 1541 1540 1593 1672,
1584 1540 1654 1594 qui
1688 1553 1740 1582 ex
1775 1540 1839 1582 his

307 1605 456 1646 litteris
494 1604 680 1658 quinque
718 1609 882 1646 tantum
922 1604 1109 1646 continet
1147 1605 1230 1659 (ep.
1256 1605 1294 1647 5.
1328 1605 1366 1646 6.
1402 1604 1439 1645 7.
1474 1604 1511 1647 8.
1548 1605 1604 1659 9),
1644 1618 1738 1646 cum
1772 1617 1836 1646 ce-

307 1669 469 1722 teroqui
511 1669 623 1709 haud
666 1681 822 1723 parvae
863 1668 915 1710 sit
957 1668 1234 1720 auctoritatis,
1278 1682 1350 1711 eas
1387 1668 1501 1723 ipsas
1538 1669 1651 1710 omni
1683 1681 1839 1723 genere

308 1732 570 1783 mendorum,
603 1732 988 1786 interpolationum,
1023 1732 1269 1774 lacunarum
1302 1732 1558 1786 depravatas
1589 1731 1731 1774 habet.

368 1796 511 1839 Codex
546 1796 865 1839 Coloniensis
898 1795 958 1837 80
990 1809 1098 1838 saec.
1122 1796 1184 1838 IX
1216 1796 1363 1851 incipit
1394 1796 1448 1838 ab
1480 1796 1561 1838 illis
1593 1796 1728 1837 tribus
1751 1796 1838 1850 epi-

308 1861 439 1912 stulis,
473 1874 582 1914 quae
614 1865 712 1902 sunt
743 1860 784 1901 in
819 1860 1024 1915 principio
1057 1859 1214 1902 codicis
1246 1860 1510 1903 Monacensis
1542 1859 1668 1912 6266,
1700 1859 1743 1901 id
1776 1864 1839 1901 est

307 1925 360 1965 ab
394 1937 457 1978 ep.
486 1924 579 1964 132.
622 1925 710 1965 13ῑ).
751 1925 840 1964 137.
877 1938 982 1977 quas
1004 1929 1238 1978 sequuntur
1261 1924 1467 1978 epistulae
1492 1925 1585 1966 156.
1623 1924 1716 1965 l'oT.
1747 1923 1835 1964 186.

312 1988 404 2028 170.
443 1988 534 2026 191.
573 1987 653 2028 194
686 1992 725 2029 et
757 1987 861 2029 illud
886 1988 1160 2042 epistularum
1185 2001 1260 2042 par
1284 1988 1367 2028 214
1390 1992 1431 2029 et
1455 1987 1549 2039 215,
1584 1986 1697 2040 quod
1719 1993 1837 2028 antc—

308 2050 419 2093 cedit
451 2051 681 2104 Augustini
719 2051 870 2093 librum
904 2051 971 2093 ‘de
1002 2052 1140 2106 gratia
1172 2056 1213 2093 et
1244 2052 1375 2093 libero
1406 2051 1604 2092 arbitrio‘.
1649 2051 1837 2092 elabora-

308 2121 376 2156 tus
407 2120 473 2156 est
503 2114 628 2156 nullis
660 2115 747 2157 fere
780 2114 1055 2170 compendiis,
1077 2129 1184 2157 cum
1217 2115 1343 2157 etiam
1378 2129 1417 2155 m
1446 2121 1487 2157 et
1511 2128 1559 2156 ae
1590 2114 1837 2169 plerumque

308 2178 552 2233 perscripta,
587 2191 668 2220 non
702 2179 813 2221 notis
844 2179 1083 2234 significata
1115 2180 1212 2232 sint,
1246 2184 1286 2221 et
1319 2192 1446 2221 manu
1479 2177 1666 2221 secunda
1697 2178 1754 2219 ita
1775 2182 1839 2219 est

308 2246 531 2294 correctus,
575 2248 632 2294 ut,
675 2256 785 2296 quae
818 2243 964 2298 prima,
999 2257 1106 2296 quae
1140 2242 1328 2285 secunda
1361 2256 1490 2284 manu
1523 2246 1710 2284 correcta
1741 2242 1837 2294 sint,

307 2305 421 2347 haud
453 2305 577 2348 facile
610 2305 838 2348 discernas.

367 2369 443 2412 Cui
495 2369 600 2411 libro
661 2369 962 2425 adiungendus
1023 2376 1085 2413 est
1138 2370 1272 2412 codex
1328 2370 1634 2413 Bodleianus
1685 2369 1835 2411 Laud.

308 2433 440 2475 misc.
478 2433 569 2473 133
609 2446 717 2476 saec.
742 2434 782 2475 X
814 2434 1014 2487 ineuntis,
1054 2434 1210 2489 quippe
1249 2448 1341 2476 cum
1383 2438 1502 2475 tanta
1538 2434 1648 2476 inter
1680 2447 1750 2475 eos
1781 2434 1835 2475 si—

308 2496 500 2539 militudo
542 2497 792 2549 intercedat,
834 2503 880 2539 ut
917 2512 970 2540 ex
1009 2497 1157 2540 eodem
1195 2498 1426 2552 exemplari
1465 2511 1536 2540 eos
1566 2498 1837 2552 transcriptos

309 2574 400 2603 esse
418 2560 629 2602 adfirmari
649 2562 791 2616 possit.
814 2561 942 2603 habet
958 2566 1100 2603 autem
1118 2562 1224 2604 liber
1243 2562 1500 2604 Bodleianus
1518 2562 1722 2616 epistulas
1742 2562 1834 2602 156.

313 2626 404 2665 157.
448 2624 539 2665 186.
583 2625 675 2666 170.
727 2625 817 2666 191.
867 2624 958 2667 194.
1003 2625 1100 2678 214,
1143 2631 1363 2680 praeterea
1405 2626 1447 2667 in
1490 2630 1679 2667 extrema
1720 2634 1836 2680 parte

370 2775 394 2806 v,
423 2775 525 2809 Hunc
553 2775 684 2810 librum
713 2776 946 2810 contulerunt
973 2777 1015 2810 A.
1038 2776 1221 2811 Swobodu
1251 2782 1285 2810 et
1313 2777 1408 2819 Aug.
1431 2776 1621 2818 linum-«la,-
1661 2775 1836 2819 epistulas

310 2828 386 2861 214.
416 2831 490 2862 215.
519 2830 594 2863 295.
622 2830 689 2862 22⁶
718 2828 845 2862 irvrum
875 2828 1087 2871 recognovit
1121 2829 1159 2861 ll.
1184 2829 1366 2872 lmbcguc.
1659 2841 1664 2845 ·
