2078 3054
343 145 411 180 XX
981 143 1224 178 Praefatio.

338 263 507 317 saepius
544 262 702 303 factum
740 265 815 312 est,
858 264 902 302 ut
933 260 974 301 in
1007 259 1224 302 vertendis
1265 260 1484 302 versiculis
1526 261 1657 302 verba
1698 261 1867 304 excide-

339 332 443 368 rent.
486 329 527 367 in
561 339 625 380 ep.
651 325 671 364 7
713 339 752 379 p.
781 325 844 376 17,
887 323 911 364 8
955 324 1149 366 librarius
1190 323 1374 366 Parisini
1415 326 1529 366 corui
1570 325 1707 379 priore
1749 331 1867 380 parte

338 390 502 431 litterae
534 403 561 430 u
597 389 640 430 in
677 388 806 430 altum
844 387 971 429 ducta
1007 388 1134 430 vertit
1171 387 1213 429 in
1246 386 1359 430 corlu
1391 387 1466 442 (=
1496 388 1644 444 corbi),
1676 388 1788 431 unde
1818 388 1865 429 li-

339 453 502 495 brarius
525 452 768 495 Casinensis
800 451 899 493 fecit
930 450 1060 493 corlii.
1093 452 1135 493 in
1169 464 1233 506 ep.
1258 451 1282 491 9
1315 465 1355 506 p.
1380 451 1447 504 21,
1480 451 1506 492 5
1530 452 1744 495 Parisinus
1763 452 1868 494 liber

340 519 452 559 aeris
483 530 557 571 pro
590 516 719 557 aeriis
752 509 886 557 habet
912 520 953 557 et
973 515 1058 556 alia
1081 528 1208 556 manu
1231 515 1436 557 incertum
1460 519 1524 557 est
1544 520 1683 557 utrum
1705 530 1725 558 c
1746 529 1866 571 prae-

338 580 519 635 positum
565 593 621 621 an
665 594 690 621 α
732 578 980 634 corrigendo
1020 583 1269 633 temptatum
1312 579 1384 633 sit3
1433 577 1681 621 Casinensis
1726 580 1868 621 ceteris

339 643 525 685 exhibet.
561 643 603 684 in
637 657 703 697 ep.
729 644 806 684 151
843 657 882 698 p.
906 642 1004 695 389,
1038 642 1092 683 24
1123 643 1231 684 hanc
1263 643 1497 694 offeruntur
1527 642 1693 685 litterae
1724 657 1743 685 c
1775 648 1817 685 et
1846 658 1867 684 ο

338 707 397 748 ita
435 706 636 749 confusae
674 711 784 759 sunt,
824 711 869 747 ut
906 720 980 761 pro
1013 706 1158 748 hiante
1191 705 1325 748 forma
1355 706 1521 747 litterae
1554 721 1579 747 a
1612 706 1690 762 (cc)
1722 705 1868 748 haberi

338 771 514 825 possint,
561 770 673 824 quod
714 770 808 812 libri
847 770 1091 812 Casinensis
1132 770 1304 812 librario
1345 771 1502 823 evenit,
1548 770 1717 825 scripsit
1756 770 1867 811 enim

338 835 447 875 hanc
484 835 734 886 afferuntur.
768 847 831 888 ep.
861 834 941 874 153
978 848 1016 888 p.
1041 833 1140 886 425,
1179 833 1234 875 20
1271 835 1408 887 ipsae:
1452 834 1494 875 in
1534 833 1726 876 Parisino
1761 833 1868 875 libro

338 902 457 940 extat
478 899 534 950 ip,
556 897 711 939 deinde
733 910 855 939 erasa
876 902 939 940 est
961 911 1046 939 una
1067 898 1207 939 littera
1229 902 1271 939 et
1293 897 1481 953 superior
1503 910 1600 952 pars
1631 897 1798 940 litterae
1829 913 1867 952 e3

337 961 533 1004 librarius
555 961 682 1016 igitur
703 960 948 1003 Casinensis
979 961 1089 1013 libri,
1122 961 1222 1015 quid
1254 961 1468 1013 scriberet,
1501 961 1656 1003 dubius
1686 962 1701 1002 i
1732 961 1871 1016 posuit

337 1026 380 1067 in
403 1025 553 1080 spatio,
577 1024 686 1079 quod
709 1025 889 1078 reliquit,
913 1038 1058 1067 vacuo.
1083 1025 1125 1067 in
1148 1038 1212 1080 ep.
1239 1025 1321 1066 190
1343 1039 1382 1080 p.
1410 1024 1504 1079 156,
1542 1025 1589 1065 17
1614 1038 1689 1080 pro
1709 1024 1869 1078 falsam

337 1089 520 1144 spatium
562 1089 752 1131 relictum
790 1093 853 1131 est
889 1094 1084 1142 vacuum,
1125 1089 1168 1130 in
1201 1102 1282 1143 quo
1312 1081 1454 1142 manu,
1486 1093 1532 1131 ut
1563 1088 1743 1141 videtur,
1784 1087 1870 1130 alia

338 1153 633 1195 minutissimis
674 1153 824 1195 litteris
869 1153 1070 1208 scriptum
1114 1157 1178 1195 est
1219 1152 1324 1205 εῑεᾶ,
1367 1152 1479 1206 quod
1521 1152 1697 1194 verbum
1742 1153 1869 1194 inane

337 1218 380 1259 in
423 1217 701 1259 Casinensem
747 1229 913 1270 quoque
959 1217 1112 1258 librum
1159 1216 1459 1272 transcriptum
1501 1221 1578 1258 est.
1629 1216 1672 1258 in
1719 1215 1868 1258 eadem

338 1281 519 1336 epistula
551 1295 590 1336 p.
626 1280 718 1333 160,
764 1282 783 1321 1
818 1284 857 1322 et
892 1281 952 1322 ita
982 1281 1183 1335 scriptum
1218 1285 1282 1322 est
1312 1281 1355 1322 in
1388 1279 1533 1323 codice
1564 1280 1771 1332 Parisino,
1812 1284 1871 1332 ut,

337 1346 372 1387 si
404 1345 497 1398 quis
529 1344 668 1390 minus
700 1344 753 1386 sit
783 1349 987 1397 attentus,
1020 1358 1095 1400 pro
1126 1359 1170 1387 eo
1202 1343 1350 1386 haberi
1381 1344 1528 1399 possit,
1561 1342 1672 1397 quod
1693 1343 1872 1398 legimus

337 1409 380 1450 in
414 1408 648 1451 Casinensi.
684 1421 791 1461 quae
824 1421 917 1449 cum
949 1408 1009 1449 ita
1040 1408 1137 1461 sint,
1171 1408 1213 1450 in
1246 1407 1453 1463 epistulis,
1496 1421 1601 1461 quas
1631 1406 1762 1450 habet
1792 1407 1869 1449 Pa-

338 1473 492 1514 risinus
530 1486 625 1514 nov.
650 1485 741 1525 aeq.
768 1471 892 1524 1672,
934 1473 1073 1514 omnis
1109 1472 1338 1515 auctoritas
1369 1486 1394 1513 a
1426 1471 1650 1514 Casinensi
1681 1471 1787 1513 libro
1817 1470 1872 1512 ad

339 1536 449 1578 hunc
481 1535 660 1588 transiit,
693 1535 752 1577 ita
783 1539 828 1577 ut
859 1535 901 1577 in
934 1535 1157 1578 tractanda
1188 1550 1233 1578 re
1265 1536 1412 1578 critica
1443 1536 1513 1578 illo
1535 1548 1705 1590 prorsus
1726 1548 1870 1590 super-

338 1599 485 1642 sedere
526 1600 746 1654 potuerim.
794 1612 932 1653 neque
973 1604 1115 1642 tamen
1156 1599 1313 1642 frustra
1354 1599 1434 1641 fuit
1479 1599 1610 1652 labor,
1658 1613 1783 1653 quem
1828 1599 1870 1639 in

338 1663 594 1705 conferenda
639 1663 718 1704 hac
769 1663 864 1706 libri
911 1664 1158 1706 Casinensis
1203 1670 1321 1719 parte
1364 1676 1726 1719 consumpseram,
1773 1676 1871 1704 nam

338 1732 632 1782 praeterquam
666 1726 776 1780 quod
809 1727 1018 1770 non'sine
1049 1728 1268 1783 voluptate
1299 1727 1497 1770 videbam
1530 1728 1633 1770 satis
1664 1726 1873 1769 subtiliter

339 1805 405 1833 me
450 1804 498 1833 eo
539 1790 786 1833 defunctum
830 1804 935 1846 esse,
979 1792 1161 1834 conlatio
1198 1791 1357 1834 codicis
1387 1791 1566 1834 Parisini
1606 1789 1686 1832 hac
1722 1791 1873 1831 iterata

339 1868 438 1896 cura
469 1854 582 1896 facta
613 1859 690 1907 est,
723 1868 847 1908 quam
880 1855 1029 1910 potuit,
1061 1856 1391 1898 accuratissima.
1425 1854 1500 1898 sed
1531 1868 1626 1896 cum
1658 1855 1701 1896 in
1732 1858 1870 1909 poste-

339 1919 446 1960 riore
484 1918 758 1973 epistularum
797 1924 915 1974 parte
955 1918 1112 1961 codicis
1145 1920 1392 1974 Casinensis
1427 1918 1657 1961 auctoritas
1694 1918 1777 1959 iam
1819 1917 1873 1959 sit

339 1982 469 2033 nulla,
512 1981 662 2024 eadem
704 1982 859 2024 mansit
900 1983 942 2024 in
986 1983 1136 2038 priore,
1180 1997 1289 2037 quae
1329 1997 1413 2026 non
1446 1984 1582 2026 estin
1615 1981 1760 2024 codice
1792 1982 1885 2028 Pa<

339 2046 481 2088 risino.
515 2046 734 2101 exemplar
764 2046 905 2101 igitur,
939 2060 991 2089 ex
1024 2061 1107 2100 quo
1138 2046 1375 2102 descriptus
1406 2052 1470 2090 est
1501 2046 1636 2089 codex
1669 2045 1871 2089 Casinen-

340 2110 410 2162 sis,
443 2109 607 2151 duabus
638 2110 829 2164 partibus
861 2111 927 2153 vel
951 2110 1090 2153 dicam
1115 2112 1239 2153 tornis
1262 2112 1498 2163 constabat,
1533 2124 1709 2164 quarum
1731 2114 1871 2165 poste<

340 2173 423 2215 rior
460 2179 523 2215 est
560 2173 666 2215 liber
698 2174 915 2216 Parisinus
953 2188 1048 2217 nov.
1073 2188 1163 2229 acq.
1192 2176 1315 2230 1672,
1358 2175 1472 2230 prior
1507 2180 1581 2217 aut
1612 2174 1770 2216 interiit
1800 2179 1873 2215 aut

339 2237 493 2279 alicubi
531 2238 646 2291 latet,
689 2242 734 2278 ut
770 2237 921 2279 librum
956 2238 1232 2281 Casinensem
1271 2240 1314 2281 in
1353 2239 1444 2282 eius
1480 2239 1615 2280 locum
1647 2237 1872 2280 succedere

341 2314 515 2343 necesse
547 2301 613 2342 sit.
658 2301 776 2342 cuius
807 2302 1048 2356 partitionis
1078 2302 1238 2344 indicia
1270 2303 1312 2344 in
1345 2302 1489 2346 codice
1521 2302 1744 2356 Casinensi
1776 2306 1872 2343 sunt

341 2365 443 2406 satis
474 2363 714 2407 manifesta.
748 2370 843 2420 post
875 2366 1098 2421 epistulam
1131 2367 1243 2408 enim
1266 2366 1362 2419 205,
1396 2365 1508 2420 quod
1530 2365 1583 2408 de
1605 2366 1705 2408 folio
1728 2378 1870 2420 super-

342 2433 429 2469 erat
463 2428 566 2482 (1174
598 2428 729 2482 pag),
763 2442 942 2471 vacuum
975 2434 1039 2472 est
1070 2430 1261 2472 relictum
1297 2435 1338 2472 et
1368 2430 1410 2472 in
1443 2443 1553 2472 novo
1584 2429 1684 2472 folio
1716 2429 1872 2484 scripta

342 2498 402 2533 est
436 2491 616 2545 epistula
649 2491 715 2543 78,
754 2497 854 2534 ante
887 2506 1012 2546 quam
1045 2494 1169 2536 unius
1200 2495 1396 2536 versiculi
1427 2507 1573 2536 rasura
1604 2493 1869 2548 conspicitur.

342 2556 468 2596 etiam
490 2556 531 2596 in
556 2555 709 2608 indice,
735 2555 846 2609 quod
870 2556 1027 2599 codicis
1050 2564 1112 2600 est
1135 2558 1404 2612 principium,
1447 2562 1547 2599 ante
1569 2557 1794 2612 epistulam
1820 2556 1870 2596 78

343 2620 523 2673 spatium
567 2618 744 2661 duorum
787 2621 1085 2663 versiculorum
1131 2627 1194 2664 est
1236 2635 1427 2663 vacuum.
1482 2621 1638 2663 deinde
1688 2621 1742 2662 ab
1783 2620 1870 2675 epi-

342 2683 451 2724 stula
484 2683 535 2722 78
568 2697 721 2724 novam
753 2684 904 2726 seriem
936 2698 1220 2738 numerorum,
1252 2686 1405 2739 quibus
1433 2685 1640 2741 epistulae
1661 2684 1872 2726 numerari

343 2746 550 2798 solebant,
593 2747 817 2801 incepisse,
861 2762 1116 2801 quamquam
1151 2750 1313 2791 numeri
1346 2750 1427 2804 ipsi
1459 2753 1557 2790 sunt
1587 2748 1740 2800 derasi,
1783 2761 1871 2802 per-

342 2809 498 2863 spicuis
530 2817 671 2851 tamen
706 2811 977 2853 confirmatur
1008 2813 1212 2865 vestigiis.
1248 2814 1356 2854 sicut
1388 2813 1497 2854 enini
1531 2826 1582 2853 ex
1618 2811 1760 2853 codiee
1794 2812 1870 2851 Pa-
