2078 3054
294 187 371 226 184
963 198 1099 231 index
1133 197 1172 231 V.

292 315 323 349 1)
338 327 357 349 c
374 326 445 349 mo
463 326 479 348 s
495 318 510 348 t
525 315 545 348 11
562 324 581 348 6
598 325 621 348 11
637 324 656 348 6
673 324 699 347 s.
723 313 851 347 rhetor
866 311 928 347 ille
943 310 1047 346 nobi-

334 372 511 409 lissimus,
542 382 658 406 unum
689 371 857 405 omnium
887 369 1049 405 maxime

333 430 573 475 eloquentiae
626 432 872 473 praeceptum
923 428 1049 462 obser-

334 490 418 523 vari
459 493 638 531 oportere
680 487 922 531 significabat
962 496 1046 530 pro-

334 546 611 581 nuntiationem
645 545 679 579 II
709 545 789 589 685,
819 544 875 579 22.

286 611 318 644 D
334 622 353 646 e
368 621 390 645 0
405 621 429 655 g
444 621 460 644 r
475 615 525 645 at
542 610 552 645 i
567 621 588 644 a
605 620 621 645 s
654 599 855 654 presbyter
886 619 970 643 cum
1000 608 1047 643 ab

333 669 454 703 amico
496 668 624 712 aliquo
666 677 816 712 pagano
858 665 1049 712 quaestio-

333 737 400 761 nes
423 726 608 771 quasdam
632 728 674 760 ut
698 725 918 770 explicaret,
942 734 1048 760 acce-

334 785 464 830 pisset,
502 784 546 819 A.
585 794 650 819 eas
688 783 911 818 tractandas
950 782 1049 818 dele-

333 842 437 887 gavit
465 842 498 876 II
521 842 600 883 544,
623 843 655 876 4.
679 842 740 876 cui
763 852 906 876 morem
928 840 1048 886 gessit

335 901 377 935 A.
402 911 459 944 ep.
485 900 563 935 102.
589 900 636 935 ad
662 900 825 935 eundem
849 900 941 934 data
965 909 1048 934 esse

333 958 486 993 videtur
514 969 572 1003 ep.
605 959 670 993 173
686 958 729 1002 A,
758 969 834 1003 qua
863 958 907 993 A.
935 957 1049 993 aliam

332 1016 513 1061 explanat
547 1016 823 1061 quaestionem.

289 1080 320 1114 D
336 1091 355 1116 e
371 1091 392 1114 0
408 1091 432 1125 g
447 1091 464 1115 r
478 1090 502 1115 a
515 1084 530 1115 t
545 1080 556 1115 i
571 1091 594 1115 a
608 1091 625 1115 s
669 1079 853 1115 Restituti
895 1080 1047 1116 diaconi

333 1139 491 1174 nuntius
518 1139 568 1174 ad
593 1139 636 1174 A.
664 1139 804 1175 missus
831 1139 883 1173 IV
909 1139 988 1183 592,
1015 1140 1046 1174 5.

286 1203 640 1247 deprecatio:
696 1202 957 1248 precationem
1012 1205 1049 1236 et

333 1261 643 1306 deprecationem
684 1261 793 1296 multi
835 1262 906 1296 hoc
949 1261 1048 1296 idem

333 1323 470 1363 putant
495 1323 532 1354 et
558 1320 629 1354 hoc
656 1319 852 1354 cotidiano
878 1329 950 1354 usu
976 1319 1049 1353 iam

332 1377 486 1413 omnino
534 1377 765 1422 praevaluit;
812 1378 876 1422 qui
923 1380 1050 1413 autem

332 1435 552 1470 distinctius
601 1435 736 1470 Latine
784 1435 903 1470 locuti
950 1439 1050 1479 sunt,

332 1493 617 1537 precationibus
659 1493 866 1529 utebantur
907 1494 945 1529 in
985 1504 1049 1539 op—

332 1551 459 1586 tandis
525 1551 646 1595 bonis,
713 1551 1050 1597 deprecationibus

333 1620 425 1645 vero
464 1610 502 1645 in
539 1610 762 1646 devitandis
800 1610 925 1654 malis,
964 1621 1048 1655 pre-

332 1668 411 1703 cari
460 1668 559 1704 enim
608 1668 788 1704 dicebant
836 1679 920 1704 esse
968 1680 1050 1715 prc-

333 1726 457 1761 cando
511 1726 611 1762 bona
663 1730 809 1772 optare,
862 1727 1050 1772 inprecari

332 1784 443 1829 mala,
504 1785 701 1830 deprecari
762 1789 891 1821 autem
951 1786 1051 1821 mala

334 1844 526 1887 precando
570 1843 758 1889 depellere
803 1832 857 1879 11'1
896 1845 977 1889 360,
1020 1844 1051 1879 2.

287 1907 610 1942 desertores
652 1908 683 1943 si
724 1918 852 1943 secum
892 1908 1051 1954 impera.-

335 1966 428 2000 toris
471 1966 579 2011 signa
620 1967 836 2011 traducant,
877 1967 950 2002 illis
990 1967 1049 2002 vel

334 2023 580 2059 damnatione
630 2025 772 2069 punitis
820 2026 883 2060 ¹>vel
931 2025 1052 2060 indul-

334 2081 466 2126 gentia
526 2083 709 2118 correctis
772 2083 880 2119 salva
942 2085 1053 2130 signa

335 2139 582 2184 recipiuntur,
618 2142 649 2176 si
686 2142 795 2177 salva
830 2147 1053 2178 manserunt

336 2197 369 2232 II
399 2199 478 2239 405,
507 2198 565 2242 253
596 2201 642 2241 cf.
671 2201 751 2244 415,
780 2201 835 2235 21.

289 2264 570 2301 detestari
605 2277 636 2302 υ.
667 2267 852 2303 miserari.

290 2325 419 2361 ‹leus
456 2325 520 2360 lux
556 2330 616 2360 est
650 2326 718 2361 sed
753 2326 818 2361 lux
853 2326 979 2361 cordis
1016 2329 1053 2361 et

337 2384 519 2419 mentium
559 2388 808 2430 purgatarum
847 2395 923 2420 non
962 2385 1052 2420 isto-

337 2453 418 2476 rum
459 2442 632 2485 corporis
668 2443 865 2479 oculorum
901 2443 937 2477 II
972 2444 1051 2488 437,

338 2503 392 2538 21.
422 2502 475 2536 III
503 2503 581 2546 200,
610 2503 666 2537 20.
694 2513 741 2538 ea
766 2502 925 2547 iustitia,
953 2512 1050 2547 quae

338 2561 437 2595 vivit
476 2562 514 2596 in
552 2571 592 2595 se
634 2561 727 2605 ipsa,
766 2560 899 2605 procul
937 2559 1052 2595 dubio

338 2620 432 2655 deus
470 2623 527 2654 est
566 2619 599 2653 II
637 2619 716 2663 720,
754 2619 807 2654 26.
847 2622 904 2654 est
942 2618 1053 2663 plane

340 2680 401 2715 ille
439 2690 609 2715 summus
646 2679 740 2714 deus
775 2689 867 2713 vera
905 2677 1053 2712 iustitia

340 2738 400 2773 vel
438 2738 499 2773 ille
537 2748 651 2773 verus
685 2737 779 2772 deus
816 2747 963 2771 summa
1000 2736 1053 2770 iu-

341 2796 445 2831 stitia
477 2796 509 2830 11
543 2796 621 2838 721,
654 2795 706 2829 12.
738 2794 882 2829 veritas
913 2794 1055 2828 lumen-

342 2864 414 2897 que
451 2854 598 2888 animae
637 2852 834 2887 rationalis
871 2863 948 2887 non
983 2851 1074 2906 nisi*

1132 311 1226 347 deus
1261 315 1319 347 est
1351 312 1404 347 111
1439 313 1516 356 122,
1549 315 1585 349 3;
1621 314 1667 355 cs.
1702 314 1735 348 lI
1767 314 1846 355 686,

1134 369 1186 405 13.
1218 369 1273 404 III
1303 371 1382 415 560,
1414 372 1443 406 1.
1476 372 1631 407 trinitas
1663 377 1720 408 est
1749 373 1844 408 deus·

1133 428 1167 462 II
1203 429 1282 472 708,
1319 429 1377 471 273
1415 430 1461 464 cf.
1499 429 1552 464 III
1588 430 1667 471 293,
1705 431 1759 465 14.
1795 430 1846 465 lv

1132 486 1189 529 93,
1214 487 1243 520 1.
1269 486 1316 521 de
1343 487 1414 521 rati
1447 498 1490 522 :ie
1516 490 1555 522 et
1578 488 1650 523 deo
1675 488 1847 533 disputat.

1133 543 1303 579 Evodius
1336 555 1394 589 ep.
1428 546 1508 588 3503
1540 546 1589 587 ct.
1621 546 1673 580 III
1703 547 1783 589 507,
1815 547 1847 581 7.

1131 601 1211 645 520,
1247 602 1301 636 12.
1337 601 1401 637 ubi
1439 613 1535 647 quae
1571 604 1664 639 dicit
1700 605 1847 640 ratione

1132 659 1219 704 cogi
1244 660 1357 695 deum
1383 670 1467 696 ese
1492 661 1555 696 vel
1581 662 1847 698 ratiocinando

1132 716 1233 752 effici
1263 717 1376 753 deum
1405 729 1489 755 ease
1519 719 1669 763 debere,
1697 720 1741 755 A.
1771 730 1847 755 non

1132 774 1268 819 probat
1297 775 1351 810 III
1377 776 1457 820 513,
1486 778 1634 813 11-20.
1663 789 1740 814 11011
1768 779 1848 814 fere

1132 843 1361 878 quemquam
1383 834 1477 870 dicit
1497 835 1541 870 A.
1565 836 1644 871 suis
1665 838 1846 881 tempori-

1131 890 1202 926 bus
1230 892 1387 936 reperiri
1416 893 1469 928 ita
1496 893 1667 938 stultum,
1695 895 1760 939 qui
1786 895 1848 930 vel

1133 949 1172 983 in
1193 950 1308 985 corde
1330 960 1400 985 suo
1423 950 1549 987 dicere
1571 951 1727 988 audeat:
1752 953 1847 988 ‘Non

1132 1010 1192 1041 est
1218 1007 1339 1051 deus‘3
1369 1008 1453 1044 illos
1479 1012 1607 1045 autem
1634 1010 1731 1046 alios
1758 1012 1849 1046 stul-

1131 1069 1193 1099 tos
1223 1075 1300 1101 non
1329 1066 1475 1111 deesse,
1505 1068 1570 1113 qui
1600 1068 1731 1104 dicant
1760 1078 1847 1113 pro-

1131 1123 1342 1159 videntiam
1372 1135 1479 1161 suam
1508 1127 1546 1160 in
1574 1127 1669 1161 haec
1698 1130 1849 1162 terrena

1133 1191 1218 1216 eum
1241 1192 1319 1217 non
1341 1182 1497 1219 tendere
1518 1183 1572 1218 III
1595 1185 1673 1229 736,
1696 1185 1728 1220 2.
1750 1196 1848 1230 quae

1133 1239 1407 1284 scripturarum
1433 1241 1585 1287 eloquia
1611 1254 1681 1278 nos
1708 1248 1850 1290 cogant

1132 1306 1249 1332 unum
1284 1299 1479 1334 dominum
1515 1300 1627 1335 deum
1664 1302 1849 1345 confiteri,

1133 1355 1215 1390 sive
1249 1359 1398 1391 tantum
1432 1357 1478 1392 de
1511 1362 1620 1403 patre
1653 1359 1736 1395 sive
1768 1364 1850 1395 tan-

1133 1416 1213 1448 tum
1240 1414 1286 1450 de
1311 1414 1390 1450 filio
1419 1416 1500 1451 sive
1527 1419 1676 1452 tantum
1703 1418 1750 1453 (16
1776 1419 1849 1462 spi-

1133 1470 1208 1506 ritu
1240 1476 1374 1508 sancto
1407 1474 1489 1509 sive
1522 1475 1633 1510 simul
1663 1476 1711 1511 de
1742 1482 1849 1521 patre

1133 1532 1173 1563 et
1199 1529 1274 1565 filio
1302 1534 1339 1566 et
1365 1531 1502 1576 spiritu
1529 1537 1663 1569 sancto
1687 1534 1850 1570 'interro-

1132 1597 1265 1631 gemur
1294 1588 1346 1622 IV
1373 1589 1453 1633 546,
1484 1591 1538 1625 10.
1567 1596 1655 1626 sunt
1684 1593 1848 1637 quidam.

1132 1647 1198 1691 qui
1227 1647 1339 1682 deum
1369 1647 1494 1692 ipsum
1524 1650 1679 1685 omnino
1710 1661 1849 1696 corpus

1133 1716 1217 1742 esse
1247 1712 1496 1757 praesumunt
1525 1712 1718 1754 putantes,
1748 1711 1851 1755 quic-

1134 1766 1225 1811 quid
1274 1777 1413 1813 corpus
1463 1778 1540 1803 non
1590 1773 1659 1813 est,
1709 1770 1850 1805 nullam

1134 1837 1289 1872 prorsus
1345 1839 1429 1864 esse
1487 1829 1742 1865 substantiam
1799 1830 1850 1865 Ili

1133 1888 1213 1932 324,
1245 1888 1298 1923 15.
1327 1899 1374 1924 116
1406 1889 1500 1924 deus
1531 1889 1612 1933 ipse
1643 1898 1850 1933 corporeus

1135 1959 1219 1983 esse
1255 1949 1433 1984 credatur
1469 1949 1522 1983 III
1555 1949 1635 1992 332,
1670 1950 1702 1984 8.
1739 1949 1850 1984 deum

1134 2008 1273 2053 ubique
1333 2012 1575 2053 praesentem
1634 2009 1851 2054 cogitantes

1134 2072 1309 2104 avertere
1359 2068 1539 2104 debemus
1590 2072 1755 2104 mentem
1804 2067 1851 2103 ab

1133 2128 1308 2164 omnibus
1364 2127 1593 2172 imaginibus
1649 2137 1851 2171 corporum

1136 2188 1188 2223 IV
1219 2189 1296 2233 118,
1325 2189 1359 2223 4.
1390 2188 1484 2223 deus
1516 2198 1593 2222 non
1624 2191 1681 2222 est
1712 2196 1850 2231 corpus

1135 2259 1205 2284 nec
1227 2248 1372 2283 formae
1394 2249 1582 2283 humanae
1603 2247 1717 2282 habet
1738 2257 1851 2281 mem-

1135 2308 1204 2343 bra
1234 2319 1302 2343 nec
1336 2311 1394 2343 est
1426 2318 1492 2352 per
1524 2308 1694 2343 locorum
1727 2307 1851 2352 spatia

1135 2368 1338 2403 divisibilis
1374 2372 1412 2403 et
1445 2372 1504 2403 est
1538 2371 1676 2403 natura
1711 2367 1851 2402 incom-

1135 2428 1370 2463 mutabiliter
1396 2428 1599 2463 invisibilis
1628 2428 1682 2462 III
1710 2428 1791 2471 345,
1821 2428 1851 2462 7.

1135 2490 1304 2526 membra
1330 2490 1402 2533 dei,
1429 2499 1527 2534 quae
1553 2488 1707 2524 assidue
1734 2488 1851 2532 scrip-

1136 2554 1224 2585 tura
1286 2553 1570 2593 commemorat,
1634 2552 1743 2594 putat
1807 2548 1851 2582 A.

1136 2610 1359 2656 spiritaliter
1394 2609 1653 2655 intellegenda
1686 2608 1738 2643 111
1771 2608 1852 2651 343,

1135 2672 1169 2706 6.
1201 2672 1258 2714 15;
1289 2670 1445 2714 cs.344,
1478 2671 1494 2704 1
1526 2669 1678 2714 (Hier.).
1708 2669 1788 2712 345,
1818 2668 1851 2702 8.

1136 2732 1218 2766 alas
1253 2730 1392 2766 habere
1426 2741 1511 2766 eum
1545 2740 1631 2779 cum
1665 2729 1851 2770 audimus

1137 2791 1414 2836 protectionem
1454 2777 1725 2835 intellegimus,
1767 2799 1851 2824 cum

1138 2851 1313 2886 audimus
1340 2861 1486 2895 manus,
1512 2850 1770 2908 operationem
1799 2849 1848 2884 in-
