2078 3054
254 1231 586 1266 felicianum

924 135 1066 171 Index
1094 136 1138 170 V.

305 254 535 285 armatorum
573 260 723 285 manum
758 252 888 295 raptus
924 249 1016 285 deti-

307 308 465 343 nchatur
489 308 522 342 11
544 309 623 350 661,
648 308 701 342 12.
722 308 802 351 662,
827 308 880 343 12.
904 318 1014 352 quem

305 370 346 400 ut
379 365 651 401 intercessione
685 376 754 401 sua
786 365 1015 409 sublevaret.

304 425 348 458 A.
380 424 515 458 litteris
550 424 732 459 113—116
765 423 895 459 sedulo
927 434 1015 468 ope-

305 492 383 516 ram
408 481 536 516 dabat.

258 538 444 574 Febris
472 539 546 574 dea
574 539 586 569 ῐ
614 539 670 583 42,
697 540 729 574 9.

258 598 270 630 1'
284 597 356 631 el:
384 596 611 632 assiduitate
640 597 829 632 irascendi
858 597 907 632 fel
937 607 1014 632 cre-

302 665 407 689 scere
454 654 569 690 etiam
614 654 750 690 medici
797 654 1013 690 adfirmant:

302 716 494 747 cremento
526 716 653 747 autem
685 712 783 747 fellis
816 722 945 747 rursus
977 716 1013 748 et

303 770 414 805 facile
462 780 507 805 ac
558 780 674 814 prope
725 770 837 805 nullis
887 769 1031 805 causis*

302 828 556 863 existentibus
582 828 781 863 irascimur
808 827 823 861 I
850 828 904 871 22,
931 829 962 863 8.

257 885 281 918 1³
297 897 315 920 e
332 885 341 919 l
358 885 367 920 i
383 897 400 920 c
418 886 465 920 ia
487 885 596 929 virgo
621 885 811 920 scandalis
835 886 872 920 in
894 886 1011 921 ecclc-

301 943 356 977 sia
384 943 526 978 exortis
555 943 775 987 perturbata
804 944 1010 988 periculum

300 1004 392 1036 erat.
444 1012 490 1036 ne
543 1001 697 1036 fastidio
749 1012 772 1036 a
823 1001 1012 1036 catholica

299 1059 561 1093 communione
591 1062 841 1094 averteretur.
870 1070 943 1103 qua
974 1070 1011 1094 re

301 1116 343 1150 A.
381 1116 566 1152 sollicitus
604 1116 653 1151 ad
690 1126 773 1152 eam
810 1116 915 1151 dedit
953 1127 1010 1161 ep.

300 1175 378 1209 208.

658 1232 903 1266 llustitanum
975 1237 1011 1267 et

298 1289 582 1324 l’ractextatunl

297 1347 512 1381 schismatis

647 1290 912 1324 Assuritanum
974 1291 1028 1342 in⁸

561 1347 703 1382 scelere
753 1347 1027 1392 deprehensos*

298 1408 334 1438 ct
373 1405 609 1439 crudelitatis

298 1462 410 1496 tistae
473 1462 509 1496 in
572 1463 734 1497 concilio
796 1463 1008 1508 Bagaitano

297 1520 575 1554 damnaverunt
606 1520 640 1554 II
671 1521 747 1557 145.
781 1522 834 1555 16.
869 1522 944 1556 148.
976 1516 1026 1555 7.¹'

646 1408 848 1440 accusatos
886 1405 1009 1440 Dona-
1026 1443 1027 1457 ἶ

304 1577 375 1613 157.
402 1578 433 1611 6.
461 1578 538 1614 418.
565 1579 596 1612 4.
623 1578 701 1613 616.
730 1579 783 1613 19.
811 1580 890 1613 628.
918 1580 1025 1627 22*Ι

296 1635 373 1671 629.
400 1636 433 1670 9.
461 1635 557 1670 inter
584 1636 667 1670 illos
695 1637 894 1671 duodecim
923 1647 1025 1687 cum¹

297 1692 523 1729 Maximiano
559 1694 760 1729 damnatos
795 1696 896 1739 apud
931 1699 1007 1731 tres

296 1753 362 1784 aut
404 1751 565 1795 amplius
609 1752 855 1795 proconsules
897 1764 1007 1787 accu-

296 1812 478 1842 saverunt
508 1809 541 1842 ΙΙ
570 1809 648 1844 616.
682 1810 733 1843 12.
765 1810 810 1844 de
840 1809 1006 1845 basilicis

296 1876 423 1900 corum
448 1866 626 1901 diuturna
649 1867 931 1902 conflictatione
956 1869 1005 1902 iu-

297 1923 478 1958 liciorum
527 1935 592 1958 eos
638 1925 829 1968 expellere
876 1925 1004 1959 conati

296 1985 383 2014 sunt
415 1980 447 2015 11
481 1982 555 2015 147.
588 1982 641 2016 11.
671 1983 749 2019 418.
780 1983 811 2016 2.
842 1983 920 2022 616.
952 1983 1004 2017 12.

293 2038 350 2080 2ος
373 2038 419 2079 cf.
441 2038 518 2074 247.
538 2040 570 2073 5.
592 2040 793 2075 damnatos
815 2042 851 2075 in
871 2041 1003 2076 eodem

295 2095 377 2138 ipso
419 2096 646 2140 episcopatu
685 2104 922 2142 receperunt.
965 2099 1001 2133 in

294 2164 368 2196 quo
406 2154 683 2189 damnaverunt
725 2156 757 2190 ll
800 2156 874 2190 145.
916 2157 1004 2190 18—

295 2211 372 2253 146,
405 2212 459 2246 17.
493 2212 568 2247 157.
600 2214 632 2247 3.
664 2214 743 2250 616.
776 2214 829 2247 17.
861 2215 1020 2255 618.„7.‘

292 2269 372 2313 (526,
412 2269 464 2303 19.
503 2270 580 2306 629.
621 2271 673 2305 10.
710 2276 746 2305 et
784 2282 867 2306 cum
908 2272 1206 2315 ipsis-*Felix

292 2325 407 2361 etiam
436 2327 667 2370 baptismum
698 2329 892 2363 eorum.ll
925 2330 1000 2366 147.

291 2384 440 2419 9—148.
477 2386 507 2418 4.
546 2385 621 2421 157.
654 2386 686 2420 5.
721 2387 799 2420 417.
835 2386 889 2421 27.
923 2387 1001 2422 616.

292 2440 347 2475 22.
378 2441 458 2484 617,
490 2442 544 2477 19.
574 2442 653 2477 618.
685 2444 716 2477 s.
751 2443 805 2478 22.
836 2444 914 2481 629.
949 2425 1019 2478 η’

292 2498 328 2532 id
372 2498 514 2533 factum
558 2503 615 2534 est
659 2504 818 2544 cogente
862 2500 1001 2545 Optato

291 2556 523 2591 Gildoniano
549 2557 629 2592 sive
655 2558 938 2602 Tamugadensi
966 2560 998 2594 ll

293 2613 369 2650 157.
401 2614 433 2653 4,
465 2624 539 2658 quo
570 2615 630 2650 die
663 2615 888 2651 Donatistae
921 2616 1018 2651 eius*

292 2670 473 2706 natalicia
502 2671 745 2708 celebrabant
774 2673 806 2708 ll
837 2674 916 2710 616.
947 2675 1000 2708 1s.

1722 126 1806 167 213

1097 249 1326 285 Primianum
1366 250 1687 296 conspirationem
1727 263 1807 287 vcr-

1097 306 1154 342 bis
1215 308 1451 353 gravissimis
1514 309 1713 344 accusavit
1776 310 1807 344 11

1096 365 1175 409 627,
1210 366 1263 400 11.
1298 366 1544 401 Praetextato
1580 367 1806 402 Assuritano

1097 433 1217 467 nuper
1241 423 1423 459 defuncto
1451 424 1498 467 (ΙΙ
1525 425 1603 467 6115,
1632 425 1688 468 15)
1714 425 1807 460 Feli-

1096 481 1229 515 cianus
1256 491 1341 516 eum
1370 481 1582 516 Donatistis
1609 481 1808 518 considere

1096 538 1236 573 dicitur
1263 539 1295 573 II
1322 539 1402 582 626,
1429 539 1483 574 21.
1512 533 1692 575 Feliciani
1720 550 1807 575 cau-

1095 606 1176 630 sam
1211 596 1254 631 A.
1292 596 1458 631 breviter
1494 597 1715 642 perstringit
1749 609 1806 642 ep.

1096 654 1154 697 703
1182 657 1383 698 praeterea
1409 655 1455 695 cs.
1481 655 1561 693 328.
1587 655 1619 689 6.
1646 656 1701 690 20.
1727 655 1806 699 611,

1095 711 1127 745 2.
1155 712 1235 755 612,
1264 711 1319 746 25.
1349 712 1427 755 614,
1458 712 1513 747 27.
1544 713 1623 755 625,
1652 713 1683 747 2.
1712 713 1806 748 Feli-

1095 768 1226 803 cianus
1289 769 1516 804 Mustitanus
1576 769 1805 806 Primianum

1094 826 1434 872 Carthaginensem
1503 827 1701 862 damnavit
1770 832 1807 864 et

1094 884 1264 920 vicissim
1291 886 1338 920 ab
1364 885 1428 920 illo
1453 886 1568 921 etiam
1596 886 1676 929 ipse
1700 887 1802 921 daun-

1095 946 1207 977 natus
1233 946 1304 981 est:
1330 943 1394 977 diu
1418 943 1456 977 in
1481 943 1667 988 sacrilego
1691 943 1805 978 Maxi-

1094 1000 1209 1034 miani
1237 1000 1440 1036 schismate
1470 1001 1555 1044 fuit3
1585 1001 1725 1036 multos
1755 1001 1804 1035 ibi

1095 1069 1160 1102 per
1181 1068 1270 1093 suas
1290 1058 1473 1094 ecclesias
1494 1056 1716 1103 baptizavit,
1738 1059 1803 1094 secl

1092 1116 1280 1151 neminem
1305 1121 1391 1160 post
1407 1127 1491 1152 eum
1507 1117 1799 1160 baptizaverunt

1093 1172 1319 1209 Donatistae
1349 1173 1476 1218 11610,
1491 1174 1550 1214 22;
1580 1174 1720 1218 cf.247,
1738 1175 1803 1208 1—

1095 1232 1147 1266 18.
1180 1232 1259 1274 613,
1291 1232 1323 1266 5.
1355 1232 1434 1268 625,
1468 1232 1521 1266 10.
1554 1232 1606 1266 III
1638 1232 1716 1272 240,
1749 1233 1803 1266 18.

1091 1288 1306 1323 Felicianus
1335 1290 1487 1333 quando
1517 1293 1717 1333 separatus
1747 1293 1803 1325 est

1092 1358 1114 1381 a
1137 1346 1351 1382 Donatistis
1374 1347 1410 1382 in
1434 1352 1542 1391 parte
1567 1347 1799 1389 Maximiani.

1091 1404 1188 1440 ‘fidei
1221 1405 1404 1442 aemulus,
1435 1404 1611 1440 veritatis
1643 1404 1802 1448 adulter,

1091 1463 1275 1498 ecclesiae
1301 1463 1431 1497 matris
1457 1463 1643 1505 inimicus,
1667 1467 1804 1498 catena

1091 1521 1291 1565 sacrilegii,
1324 1521 1487 1565 Dathan,
1519 1522 1615 1556 Core
1647 1524 1684 1556 et
1715 1520 1803 1555 Abi-

1090 1590 1158 1614 ron
1189 1579 1374 1614 minister‘
1407 1579 1443 1622 in
1475 1579 1679 1623 Bagaiensi
1713 1590 1799 1613 con-

1090 1637 1176 1671 cilio
1214 1640 1272 1671 est
1308 1637 1522 1681 appellatus
1561 1636 1594 1670 ῘΙ
1629 1637 1709 1673 612.
1747 1637 1800 1671 25.

1089 1695 1168 1737 625,
1194 1695 1226 1729 2.
1255 1705 1289 1729 v.
1316 1694 1543 1729 Clarentius.

1043 1752 1068 1786 F
1085 1763 1103 1786 e
1121 1752 1129 1786 1
1146 1752 1155 1787 i
1171 1763 1189 1787 c
1207 1753 1281 1787 ita
1297 1763 1313 1788 s
1346 1756 1476 1795 mater,
1509 1753 1696 1787 monacha
1724 1763 1801 1787 mo-

1091 1811 1258 1848 nasterii.
1281 1810 1389 1845 cuius
1412 1810 1657 1854 praepositus
1681 1811 1797 1845 fuisso

1089 1868 1240 1903 videtur
1267 1868 1462 1910 Rusticus3
1490 1868 1553 1903 ubi
1580 1879 1664 1902 cum
1692 1879 1800 1912 prop-

1089 1929 1144 1960 ter
1174 1926 1487 1969 reprehensiones
1517 1925 1665 1969 aliquas
1695 1936 1799 1960 exor-

1087 1987 1148 2018 tae
1182 1986 1311 2018 essent
1342 1983 1625 2028 indignationes
1658 1987 1695 2018 et
1726 1982 1800 2017 dis-

1089 2041 1297 2084 sensiones.
1352 2042 1395 2075 A.
1435 2041 1719 2076 oboedientiam
1759 2047 1795 2075 et

1087 2099 1329 2133 concordiam
1383 2098 1583 2134 restituere
1637 2097 1799 2133 conaba-

1087 2161 1147 2191 tur
1191 2166 1249 2200 ep.
1282 2157 1349 2191 210
1394 2157 1441 2191 ad
1487 2167 1552 2191 eas
1597 2157 1701 2191 data·
1749 2156 1795 2195 cf.

1088 2215 1169 2249 Iud.
1194 2215 1247 2249 III
1271 2226 1306 2259 p.
1331 2215 1385 2249 55.

1260 2272 1462 2316 episcopus
1516 2271 1710 2306 Romanus
1766 2272 1797 2306 ll

1087 2330 1163 2371 153,
1191 2330 1243 2364 19.

1039 2386 1188 2421 Felix
1229 2387 1418 2430 Nolensis,
1458 2387 1507 2422 ad
1547 2387 1655 2422 cuius
1696 2386 1796 2421 beati

1084 2445 1156 2479 viri
1205 2444 1421 2488 sepulcrum
1470 2445 1513 2479 A.
1559 2445 1792 2480 Bonifatium

1086 2503 1349 2547 presbyterum
1371 2507 1408 2537 et
1431 2502 1543 2545 Spem
1566 2503 1791 2537 monachum

1086 2559 1197 2602 misit,
1234 2563 1278 2594 ut
1314 2560 1495 2595 miraculo
1533 2559 1673 2604 aliquo,
1712 2564 1796 2595 uter

1085 2617 1121 2650 in
1146 2617 1258 2661 culpa
1283 2621 1395 2660 esset,
1421 2617 1633 2662 aperiretur
1658 2617 1690 2652 II
1715 2618 1794 2661 335.

1086 2675 1138 2708 14.

291 2727 464 2762 Titianus
518 2729 747 2764 Felicianum
802 2735 838 2764 et
892 2731 1018 2780 Prae-3
1038 2731 1064 2764 1¹¹
1080 2731 1205 2769 elix.
1230 2732 1516 2777 Aptungitanus
1542 2733 1624 2767 sive
1650 2732 1793 2777 Aptun-

292 2788 490 2823 textatum.
537 2790 655 2821 totam
702 2787 819 2832 ipsam
869 2793 1001 2823 contra

1082 2790 1210 2834 gensis
1239 2790 1453 2834 episcopus,
1484 2790 1689 2825 Caeciliani
1718 2791 1791 2835 epi-
