2078 3054
340 152 401 185 1,Ῐῖ
983 150 1229 186 Praefatio.

395 269 637 311 Proximum
682 269 880 310 bonitatis
921 269 1057 311 locum
1101 269 1265 311 obtinet
1307 269 1441 312 codex
1481 271 1671 314 eiusdem
1709 272 1866 314 saeculi

394 333 657 374 Parisinus
691 332 850 373 13047
887 346 979 374 cum
1014 333 1201 386 quinque
1234 333 1445 387 epistulis:
1491 334 1555 376 72.
1596 334 1663 376 28.
1696 336 1763 377 40.
1800 336 1865 377 71.

338 396 404 448 75,
436 396 477 437 in
513 409 595 449 qua
626 402 839 450 postrema
870 397 1124 450 aliquotiens
1156 397 1266 439 inter
1297 396 1527 439 deteriores
1561 396 1726 440 codices
1758 413 1867 441 com-

336 465 466 514 paret.
511 473 636 513 quem
678 459 830 501 librum
868 475 920 502 in.
947 462 972 500 2
1009 474 1085 515 per
1123 461 1406 502 coniecturam
1446 461 1592 504 sedulo
1631 463 1869 517 corrigebat

335 529 389 575 et,
422 536 531 576 quae
563 523 694 565 multa
725 524 921 566 librarius
954 531 1181 577 erraverat,
1216 524 1445 567 emendare
1478 525 1689 569 studebat.

393 586 552 628 Omnes
586 586 852 642 undeviginti
885 589 1044 631 litteras
1078 602 1186 631 unus
1218 588 1348 631 habet
1380 588 1515 630 codex

392 650 656 693 Parisinus
711 652 874 692 12163
926 666 1035 695 saec.
1081 653 1143 694 IX
1197 665 1355 706 easque
1407 653 1554 707 paucis
1605 654 1868 708 compendiis

335 714 508 769 pulchre
546 714 722 770 scriptas
761 720 801 757 et
838 729 1007 771 perraro
1041 716 1280 772 corrigendi
1313 716 1453 759 studio
1485 717 1696 771 turbatas,
1741 717 1868 760 habet

335 779 447 821 enim
470 779 692 833 epistulas:
727 780 792 820 28.
827 780 895 822 40.
931 781 998 822 67.
1032 781 1100 823 68.
1135 781 1202 823 39.
1239 781 1304 822 74.
1341 781 1394 822 73
1420 781 1677 837 (integram).
1709 781 1775 823 72.
1801 782 1866 821 71.

335 844 401 884 75.
436 843 503 884 81.
538 843 604 886 82,
643 843 735 885 166.
776 845 868 886 172.
905 845 957 885 73
996 846 1168 899 (iterum
1201 845 1275 887 sed
1309 845 1531 892 mutilam).
1573 845 1626 886 28
1666 846 1866 899 (iterum).

338 907 431 948 165.
469 907 561 949 167.
602 907 692 949 195,
730 908 823 950 123.
858 908 954 950 202.
996 909 1140 962 itaque
1178 909 1386 964 epistulae
1425 909 1479 950 28
1512 913 1553 951 et
1586 909 1639 949 73
1672 909 1774 951 bina
1804 909 1866 950 in-

333 976 430 1014 sunt
472 971 669 1026 exempla
710 977 838 1025 atque
880 973 1087 1028 epistulae
1126 973 1180 1013 73
1222 974 1400 1015 alterum
1440 974 1651 1028 integrum
1690 973 1867 1014 alterum

334 1036 539 1078 mutilum.
584 1035 718 1095 codex
761 1042 902 1078 autem
945 1050 1028 1079 non
1069 1041 1179 1079 totus
1220 1038 1310 1092 pari
1343 1036 1427 1079 fide
1460 1037 1614 1092 dignus
1646 1041 1728 1091 est3
1771 1050 1866 1078 nam

334 1113 433 1155 pars
475 1099 587 1154 prior
627 1112 763 1152 usque
806 1100 860 1142 ad
905 1101 1130 1155 epistulam
1168 1102 1248 1142 172
1287 1101 1458 1156 paulum
1492 1100 1604 1143 cedit
1637 1100 1868 1153 codicibus,

334 1177 439 1217 quos
468 1162 592 1205 modo
625 1162 824 1216 diximus,
858 1165 1062 1219 posterior
1093 1178 1206 1217 vere,
1251 1178 1359 1218 quae
1390 1166 1443 1206 ab
1478 1165 1659 1219 epistula
1691 1164 1747 1205 73
1778 1179 1867 1206 mu-

333 1227 408 1269 tila
439 1226 600 1281 incipit,
634 1227 742 1269 sicut
773 1242 920 1270 omnes
952 1228 1130 1281 codices,
1176 1230 1247 1283 qui
1281 1229 1470 1270 mutilam
1503 1228 1615 1270 hanc
1646 1229 1867 1283 epistulam

333 1291 503 1344 habent,
538 1304 591 1332 ex
624 1290 832 1334 deteriore
865 1297 929 1335 est
961 1292 1151 1334 codicum
1184 1306 1353 1348 genere.

392 1354 486 1405 Qua
523 1368 567 1396 re
606 1355 795 1398 eiusdem
832 1358 1004 1412 generis
1036 1363 1135 1399 sunt
1168 1363 1364 1411 quattuor
1396 1356 1576 1410 codices,
1611 1357 1681 1411 qui
1715 1370 1870 1411 cogna-

334 1420 448 1462 tione
482 1432 643 1474 magna
674 1419 785 1462 inter
817 1434 862 1463 se
895 1422 1183 1463 continentur:

392 1483 716 1527 Coloniensis
754 1485 814 1526 60
853 1498 963 1528 saec.
995 1486 1071 1538 IX,
1115 1485 1396 1528 Vaticanus
1429 1486 1525 1526 355
1557 1498 1665 1527 saec.
1692 1485 1868 1536 lX—X,

335 1548 611 1589 Vaticanus
652 1548 783 1589 5762
832 1563 941 1592 saec.
978 1550 1032 1602 X,
1083 1549 1360 1592 Vaticanus
1403 1550 1491 1590 341
1535 1563 1645 1591 saec.
1682 1549 1869 1602 X——X13

332 1611 494 1655 habent
525 1610 647 1657 enim.
671 1612 873 1667 epistulas
907 1613 975 1655 67.
1010 1613 1077 1655 68.
1112 1613 1180 1656 39.
1215 1613 1282 1655 74.
1318 1613 1371 1654 73
1406 1612 1648 1669 (mutilam).
1694 1612 1761 1654 28.
1803 1612 1868 1659 72,

332 1676 400 1718 40.
437 1676 503 1717 71.
541 1676 606 1720 75,
644 1676 737 1718 165.
775 1677 868 1719 166.
908 1678 1000 1719 167.
1038 1677 1131 1719 172.
1170 1678 1263 1720 195.
1301 1678 1395 1719 123.
1430 1678 1513 1719 202
1545 1676 1693 1719 eodem
1724 1689 1872 1719 omnes

332 1739 492 1793 ordine,
533 1746 830 1797 praeterquam
873 1742 984 1795 quod
1027 1742 1069 1782 in
1103 1741 1353 1785 Coloniensi
1378 1742 1434 1783 60
1473 1741 1655 1795 epistula
1695 1741 1747 1781 72
1785 1741 1871 1795 epi-

332 1804 484 1845 stulam
533 1806 586 1846 28
634 1805 853 1861 praecedit
899 1811 940 1848 et
985 1806 1027 1847 in
1073 1805 1281 1848 Vaticano
1324 1805 1439 1847 5762
1482 1805 1692 1860 epistulae
1735 1804 1789 1845 28
1831 1809 1872 1846 et

334 1868 530 1909 75—167
565 1869 732 1912 desunt.
765 1875 893 1923 atque
926 1870 1192 1913 Coloniensis
1223 1869 1356 1911 codex
1390 1869 1627 1924 grandibus
1659 1868 1870 1910 formosis-

333 1945 413 1984 que
445 1932 595 1975 litteris
628 1934 809 1989 scriptus
841 1948 863 1975 a
897 1934 1027 1976 variis
1059 1934 1162 1976 viris
1193 1934 1329 1976 doctis
1362 1933 1538 1975 multum
1572 1939 1614 1974 et
1645 1932 1874 1974 radebatur

333 2001 374 2038 et
419 1997 720 2052 corrigebatur.
738 1999 772 2051 ¹)
819 1998 860 2039 in
915 1998 1061 2040 codice
1112 1998 1316 2040 Vaticano
1363 1998 1446 2039 355
1501 1996 1872 2051 interpretationes

332 2062 482 2102 inanes
512 2061 739 2117 diligenter
771 2061 989 2115 nitideque
1021 2076 1151 2104 manu
1183 2075 1292 2104 saec.
1318 2061 1559 2103 XIV—XV
1592 2060 1773 2113 margini
1797 2060 1869 2101 ad-

333 2124 516 2179 scriptae
553 2130 651 2167 sunt
689 2125 925 2179 eademque
964 2139 1091 2167 manu
1129 2126 1237 2168 raris
1276 2126 1377 2168 locis
1409 2125 1536 2167 etiam
1571 2124 1870 2178 corrigebatur,

332 2187 375 2229 id
419 2188 530 2241 quod
573 2189 612 2230 in
658 2189 841 2244 epistula
875 2190 955 2230 166
996 2190 1081 2231 alia
1124 2203 1251 2232 manu
1293 2184 1542 2244 saepissime
1581 2188 1724 2230 fiebat.
1767 2188 1873 2229 alter

331 2264 431 2293 vero
472 2252 704 2295 Vaticanus
741 2253 856 2295 5762
894 2252 1073 2296 deformi
1114 2259 1155 2296 et
1194 2253 1408 2307 inaequali
1446 2253 1655 2307 scriptura
1691 2252 1872 2306 insignis

332 2329 414 2358 non
457 2320 570 2358 totus
611 2317 653 2358 in
702 2318 822 2359 iustis
863 2317 975 2359 foliis
1017 2317 1199 2372 scriptus
1237 2323 1315 2369 est,
1358 2316 1433 2359 sed
1474 2329 1572 2371 pars
1609 2316 1650 2357 in
1684 2315 1873 2370 parvulis

333 2378 460 2421 scidis
492 2385 533 2422 et
565 2380 774 2433 librarius,
809 2394 903 2423 cum
936 2381 1111 2436 litteras,
1146 2381 1347 2436 syllabas,
1381 2381 1513 2422 verba
1536 2392 1663 2434 saepe
1686 2384 1871 2433 praeter-

333 2443 530 2495 misisset,
575 2445 706 2487 multa
750 2450 790 2487 et
832 2445 941 2486 inter
982 2445 1215 2487 versiculos
1258 2450 1298 2487 et
1336 2445 1376 2486 in
1419 2444 1608 2498 margine
1640 2442 1870 2495 adiciebat;

333 2521 471 2560 neque
522 2521 622 2550 vero
668 2509 841 2550 alterius
890 2509 970 2550 nisi
1019 2509 1178 2550 librarii
1228 2522 1400 2550 manum
1449 2506 1757 2562 deprehendas.
1806 2506 1871 2547 his

332 2572 451 2613 libris
474 2573 599 2627 paulo
622 2572 885 2614 emendatior
907 2585 1000 2615 esse
1023 2572 1191 2614 videtur
1213 2572 1362 2614 tertius
1379 2572 1610 2614 Vaticanus
1629 2571 1706 2611 541
1734 2583 1871 2623 neque

332 2636 509 2677 mult-uni
544 2636 841 2692 corrigentium
875 2650 974 2678 cura
1006 2641 1070 2678 est
1092 2640 1335 2690 temptatus,
1369 2637 1440 2689 qui
1470 2634 1551 2676 duo
1579 2635 1686 2676 alter
1715 2633 1870 2690 pallido

335 2701 404 2753 (m.
429 2699 474 2754 2)
506 2700 613 2741 alter
646 2701 767 2755 nigro
797 2700 867 2755 [m.
893 2703 935 2752 3)
966 2700 1193 2742 atramenti
1223 2700 1358 2742 colore
1388 2699 1511 2740 facilc
1541 2697 1869 2753 distinguuntur.

395 2843 415 2883 ἶ)
446 2839 562 2873 Huius
581 2839 717 2874 codicis
737 2839 919 2883 epistulas
939 2841 994 2876 28,
1014 2842 1066 2874 530,
1088 2842 1131 2874 40
1152 2850 1220 2872 non
1243 2839 1318 2883 ipsc·
1339 2837 1475 2871 contuli
1495 2837 1557 2870 sm]
1579 2837 1674 2872 Guil.
1697 2836 1867 2872 Seliniit's..
