2078 3054
837 137 1077 171 Praelatio.
1631 136 1721 170 XXl

201 256 327 297 ris-ino
362 260 490 309 patet,
524 260 696 307 uterque
730 259 865 295 tomus
898 266 1015 294 suam
1050 252 1197 294 babuit
1229 252 1501 306 epistularum
1536 252 1722 294 dinume-

201 319 416 360 rationem.
461 317 536 358 boc
575 331 701 359 unum
742 322 817 368 est,
860 316 971 369 quod
1010 316 1183 367 mireris,
1227 315 1436 368 quomodo
1468 315 1623 356 factum
1657 315 1722 366 sit,

202 388 243 423 ut
285 381 492 436 epistulae
537 382 618 423 152
659 386 698 422 et
738 381 828 432 153,
872 393 964 421 cum
1008 380 1048 420 in
1093 378 1236 420 codiee
1269 377 1459 420 Parisino
1501 378 1722 433 epistulam

207 446 283 486 155
322 450 559 498 sequantur,
604 445 645 485 in
685 444 878 499 exemplo
911 443 1132 485 Gasinensi
1165 443 1289 498 priori
1323 443 1429 497 parti
1463 443 1643 484 insertae
1675 456 1723 483 ac

202 514 293 563 post
324 508 545 562 epistulam
579 508 661 547 202
695 507 778 548 sint
809 507 981 561 positae.
1026 506 1143 547 cuius
1174 506 1233 548 rei
1267 505 1402 547 facilis
1435 519 1527 547 esse
1560 505 1726 547 videtur

201 572 438 626 explicatio.
483 572 637 612 etenim
677 583 767 611 cum
807 571 901 611 illac
940 570 1144 624 epistulae
1183 570 1367 623 quinque
1399 569 1499 610 folia
1532 574 1618 610 tota
1650 569 1722 609 im-

201 636 344 690 pleant
390 641 430 675 et
477 633 585 675 duae
632 634 813 688 paginae
859 633 1115 674 antecedant
1153 646 1326 683 vacuae,
1376 632 1589 686 probabile
1633 645 1724 673 csse

202 698 414 753 putaveris
448 698 527 738 illis
559 697 744 750 quinque
778 697 887 738 foliis
920 697 960 738 in
992 697 1174 738 alienum
1210 697 1343 737 locum
1377 696 1562 737 traiectis
1594 701 1724 736 ortam

201 775 293 803 esse
325 761 696 815 perturbationem.
746 760 924 814 epistula
960 760 1038 800 195
1072 760 1112 801 in
1146 760 1249 800 libro
1281 759 1501 801 casinensi
1538 759 1600 799 bis
1633 772 1724 812 pcr-

201 825 355 878 scripta
387 831 450 866 est
482 830 521 865 et
555 824 595 865 in
628 825 763 878 priore
798 830 913 877 parte
947 830 985 864 et
1020 823 1321 877 inposteriore
1353 829 1478 876 atque
1513 823 1552 863 in
1586 827 1723 876 poste-

202 890 306 930 riore
340 887 484 929 codem
519 888 620 938 loco,
655 901 734 940 qno
768 894 829 927 est
862 888 901 927 in
928 887 1134 940 l'arisino3
1170 900 1304 939 neque
1338 885 1616 927 dubitandum
1650 891 1724 937 est,

201 952 298 1004 quir.
340 952 465 992 etiam
507 951 545 990 in
588 951 723 1005 priore
757 955 866 991 tomo
899 950 1165 1004 exemplaris.
1211 950 1327 991 cuius
1358 950 1464 991 alter
1495 956 1632 991 tomus
1664 957 1725 990 est

206 1015 430 1065 l‘arisinus,
474 1014 544 1054 illa
586 1014 763 1067 epistula
807 1014 943 1054 suerit.
991 1027 1071 1066 qua
1113 1028 1155 1055 re
1199 1027 1290 1055 cum
1338 1013 1552 1066 utriusque
1596 1014 1725 1067 partis

201 1078 379 1133 epistula
416 1078 547 1118 altera
583 1078 636 1118 ab
675 1077 806 1117 altera
838 1076 1060 1131 discrepet,
1105 1078 1144 1118 in
1177 1077 1255 1117 hac
1289 1077 1469 1131 epistula
1501 1075 1724 1118 tractanda

201 1148 373 1194 utroque
417 1142 521 1182 libro
565 1140 765 1181 utendum
809 1141 896 1181 fuit.
943 1141 1118 1195 epistula
1156 1141 1232 1181 10¹7
1279 1154 1370 1181 cum
1414 1141 1466 1181 sit
1509 1141 1549 1180 in
1589 1140 1724 1194 priore

201 1205 356 1246 codicis
377 1204 620 1246 Casinensis
643 1208 773 1258 parte,
810 1204 848 1244 in
875 1204 1062 1258 Parisino
1092 1217 1183 1246 eam
1229 1203 1373 1245 deesse
1396 1209 1723 1245 consentaneum

201 1274 274 1310 est.
304 1273 429 1320 atque
452 1267 569 1309 deest
595 1281 636 1308 re
661 1280 759 1308 vera
783 1281 913 1320 usque
935 1267 988 1308 ad
1012 1268 1234 1322 epistulam
1265 1269 1355 1319 151,
1389 1267 1458 1320 qui
1483 1281 1576 1308 eum
1603 1281 1724 1309 verus

202 1333 253 1373 sit
276 1332 366 1373 libri
391 1331 498 1382 linis,
534 1336 732 1384 quantum
758 1330 856 1381 folii.
892 1331 931 1371 in
957 1345 1038 1384 quo
1067 1331 1371 1372 terminabatur
1399 1331 1502 1372 haec
1531 1331 1723 1385 epistula.

202 1401 287 1436 erat
310 1395 513 1447 reliquum
539 1396 608 1447 [ἦ]
634 1394 762 1448 pag-sl,
797 1407 973 1435 vacuum
999 1401 1060 1436 est
1084 1395 1285 1436 relictum.
1311 1394 1440 1435 multo
1462 1399 1601 1435 autem
1632 1400 1723 1448 post

203 1458 395 1500 undecim
431 1457 529 1498 folia
561 1458 762 1498 adiuncta
795 1466 889 1499 sunt
921 1464 1045 1510 atque
1079 1456 1127 1500 e‘a
1160 1458 1375 1499 continent
1398 1458 1618 1512 epistulam
1645 1458 1720 1497 1³7

202 1523 253 1563 ab
287 1522 366 1562 alio
401 1522 567 1562 librario
601 1534 653 1562 ex
682 1521 763 1562 alio
793 1522 1021 1575 exemplari
1053 1521 1219 1563 sacculo
1254 1521 1338 1563 fere
1367 1522 1426 1562 XI
1457 1521 1721 1575 descriptam.

202 1599 324 1638 quam
355 1586 405 1625 ob
438 1598 521 1625 rem
546 1584 599 1625 ad
623 1584 730 1625 banc
755 1598 919 1637 quoque
943 1585 1163 1639 epistulam
1189 1584 1526 1638 pertractandam
1551 1589 1724 1637 uterque

201 1649 303 1689 liber
326 1662 398 1689 ms.
427 1654 514 1688 erat
541 1648 816 1689 necessarius.
849 1653 941 1701 post
969 1649 1187 1702 epistulam
1222 1638 1300 1688 ms)
1328 1648 1590 1690 brevioribus
1618 1648 1723 1689 litte-

203 1712 256 1753 ris
296 1712 335 1752 in
384 1711 487 1751 libro
528 1711 716 1752 l’arisino
754 1711 848 1762 alia,
893 1712 932 1751 in
974 1712 1192 1753 Casinensi
1233 1712 1363 1765 ipsius
1401 1712 1556 1753 librarii
1598 1724 1724 1752 manu

202 1775 410 1816 adiectum
435 1779 515 1815 est:
541 1775 790 1827 Ja'mendari,
824 1779 867 1815 nl
885 1776 1014 1827 posui.
1045 1776 1180 1827 esplct
1203 1790 1261 1826 ep.
1298 1788 1379 1826 (mu
1401 1776 1456 1816 ad
1478 1779 1614 1827 optato
1636 1777 1721 1829 epo.

202 1852 323 1891 quani
357 1838 578 1892 epistulam
613 1852 703 1878 curn
738 1838 886 1879 ceteris
919 1839 1216 1892 corruptiorem
1241 1852 1332 1880 esse
1356 1843 1531 1890 constet,
1546 1839 1576 1893 ¹Jl
1610 1839 1723 1881 baud

200 1902 285 1943 scio
316 1916 367 1942 an
402 1902 606 1955 epistulae
640 1901 829 1942 condicio
862 1915 955 1942 cum
989 1902 1058 1942 illa
1090 1902 1394 1956 subscriptione
1428 1901 1662 1944 cohaereat.

259 1965 597 2006 (f‹›1·1·c(=tionibus
639 1965 743 2006 liber
776 1966 991 2006 Parisinus
1034 1966 1379 2018 nov.acq.1b'72
1420 1979 1502 2007 non
1546 1967 1721 2007 multum

201 2034 428 2082 temptatus
469 2034 542 2069 est.
589 2027 795 2068 interdum
836 2043 887 2068 m.
919 2030 942 2068 2
982 2029 1178 2083 nigriore,
1222 2043 1273 2070 m.
1305 2032 1329 2069 ’ὀ
1368 2029 1582 2083 pallidiore
1616 2036 1721 2070 atra-

201 2099 339 2133 mento
382 2091 606 2132 emendare
650 2092 922 2133 conabantur.
967 2093 1007 2132 in
1041 2092 1257 2133 Casiuensi
1302 2100 1441 2134 autem
1486 2092 1628 2133 codice
1672 2094 1720 2133 115

200 2155 393 2195 librarius
433 2156 521 2208 ipse
559 2155 733 2195 multum
774 2156 1022 2209 corrigebat.
1064 2156 1294 2208 aliquando
1332 2156 1364 2197 si
1404 2156 1513 2208 quod
1547 2157 1718 2197 verbum

201 2219 240 2259 in
281 2218 509 2271 exemplari
549 2219 687 2271 legere
726 2231 808 2258 non
843 2224 1047 2272 potuerat,
1090 2219 1224 2273 spatio
1257 2219 1399 2260 relicto
1431 2220 1596 2273 signum
1628 2221 1721 2270 —C

201 2282 239 2322 in
280 2282 469 2335 margine
506 2280 780 2334 adpingebat.
823 2282 875 2322 ab
916 2282 1095 2335 epistula
1139 2282 1229 2333 102,
1273 2296 1364 2323 eum
1397 2288 1524 2323 antea
1556 2296 1720 2337 semper

200 2345 430 2397 intelle-alere
468 2344 714 2398 scripsisset5
758 2345 937 2386 scribere
975 2345 1135 2386 solebat
1170 2346 1405 2399 inlelliyere.
1450 2359 1585 2398 neque
1618 2360 1716 2388 ean-

199 2408 292 2448 dem
317 2407 412 2448 bin(-
436 2407 697 2460 diligentiam
720 2407 950 2449 adhibebat
975 2414 1026 2460 et,
1057 2422 1149 2449 eum
1173 2408 1403 2450 identidem
1427 2409 1567 2462 aliqua
1590 2410 1718 2451 verba

199 2471 455 2525 praeteriret.
489 2470 528 2510 in
567 2471 754 2523 margine
788 2485 836 2512 ea
868 2471 1022 2513 addere
1055 2473 1294 2525 cogebatur.
1329 2478 1454 2525 atque
1478 2472 1638 2514 incuria
1662 2474 1718 2514 ita

199 2540 410 2575 crescente
454 2533 697 2575 mendorum
741 2547 905 2587 quoque
949 2549 1145 2577 numerus
1182 2537 1395 2577 crescebat
1428 2542 1479 2587 et,
1524 2549 1630 2588 quae
1662 2537 1714 2577 ab

199 2611 261 2651 cp.
292 2598 370 2637 154
407 2597 538 2637 maior
576 2597 722 2638 iterum
764 2610 860 2638 cura
897 2598 1178 2640 animadverti
1218 2604 1366 2653 potest.
1410 2599 1526 2641 brevi
1560 2606 1621 2641 est
1652 2613 1714 2640 rc-

199 2661 343 2704 missa:
387 2665 620 2714 postremae
663 2661 773 2701 enim
817 2661 1020 2715 epistulae
1064 2663 1211 2703 iterum
1250 2662 1350 2703 satis
1388 2662 1587 2705 mendose
1620 2668 1716 2704 sunt

259 2799 284 2827 ¹]
315 2798 473 2841 lim-mpli
503 2810 610 2831 causa
639 2799 682 2831 vt.
705 2810 734 2842 p.
760 2802 830 2834 137.
858 2802 965 2834 3—3:
999 2803 1068 2836 158.
1100 2803 1265 2837 19—159.
1294 2803 1322 2834 3.
