<?xml version="1.0" encoding="UTF-8"?>
<!DOCTYPE html PUBLIC "-//W3C//DTD XHTML 1.0 Transitional//EN"
    "http://www.w3.org/TR/xhtml1/DTD/xhtml1-transitional.dtd">
<html xmlns="http://www.w3.org/1999/xhtml" xml:lang="en" lang="en">
 <head>
  <title>
</title>
<meta http-equiv="Content-Type" content="text/html;charset=utf-8" />
  <meta name='ocr-system' content='tesseract 3.04.00' />
  <meta name='ocr-capabilities' content='ocr_page ocr_carea ocr_par ocr_line ocrx_word'/>
</head>
<body>
  <div class='ocr_page' id='page_1' title='image "./corpusscriptorum58auguuoft_0115.png"; bbox 0 0 2078 3054; ppageno 0'>
   <div class='ocr_carea' id='block_1_1' title="bbox 820 143 1702 186">
    <p class='ocr_par' dir='ltr' id='par_1_1' title="bbox 820 143 1702 186">
     <span class='ocr_line' id='line_1_1' title="bbox 820 143 1702 186; baseline 0 0"><span class='ocrx_word' id='word_1_1' title='bbox 820 151 957 186; x_wconf 85' lang='lat' dir='ltr'><strong>Index</strong></span> <span class='ocrx_word' id='word_1_2' title='bbox 984 151 1060 186; x_wconf 94' lang='lat'>111.</span> <span class='ocrx_word' id='word_1_3' title='bbox 1652 143 1702 183; x_wconf 85' lang='lat'>13</span> 
     </span>
    </p>
   </div>
   <div class='ocr_carea' id='block_1_2' title="bbox 180 267 1700 607">
    <p class='ocr_par' dir='ltr' id='par_1_2' title="bbox 180 267 1700 607">
     <span class='ocr_line' id='line_1_2' title="bbox 188 267 1700 314; baseline 0.001 -12"><span class='ocrx_word' id='word_1_4' title='bbox 188 279 221 312; x_wconf 86' lang='lat' dir='ltr'>p.</span> <span class='ocrx_word' id='word_1_5' title='bbox 247 269 303 312; x_wconf 84' lang='lat'>78,</span> <span class='ocrx_word' id='word_1_6' title='bbox 329 268 373 303; x_wconf 91' lang='lat'>12</span> <span class='ocrx_word' id='word_1_7' title='bbox 397 272 436 304; x_wconf 89' lang='lat' dir='ltr'>et</span> <span class='ocrx_word' id='word_1_8' title='bbox 460 269 515 312; x_wconf 88' lang='grc'>79,</span> <span class='ocrx_word' id='word_1_9' title='bbox 543 269 586 303; x_wconf 84' lang='grc'><strong>17</strong></span> <span class='ocrx_word' id='word_1_10' title='bbox 611 273 879 313; x_wconf 68' lang='lat' dir='ltr'><strong>memorantur,</strong></span> <span class='ocrx_word' id='word_1_11' title='bbox 905 279 981 304; x_wconf 92' lang='lat' dir='ltr'>non</span> <span class='ocrx_word' id='word_1_12' title='bbox 1008 273 1077 313; x_wconf 90' lang='lat' dir='ltr'>est,</span> <span class='ocrx_word' id='word_1_13' title='bbox 1104 269 1206 314; x_wconf 92' lang='lat' dir='ltr'>quod</span> <span class='ocrx_word' id='word_1_14' title='bbox 1231 269 1461 314; x_wconf 86' lang='lat' dir='ltr'>dubitemus,</span> <span class='ocrx_word' id='word_1_15' title='bbox 1493 268 1532 304; x_wconf 92' lang='lat' dir='ltr'>id</span> <span class='ocrx_word' id='word_1_16' title='bbox 1557 271 1616 304; x_wconf 86' lang='lat' dir='ltr'>est</span> <span class='ocrx_word' id='word_1_17' title='bbox 1641 267 1700 304; x_wconf 89' lang='lat' dir='ltr'>‘de</span> 
     </span>
     <span class='ocr_line' id='line_1_3' title="bbox 183 326 1699 363; baseline 0.003 -4"><span class='ocrx_word' id='word_1_18' title='bbox 183 326 349 361; x_wconf 89' lang='lat' dir='ltr'>moribus</span> <span class='ocrx_word' id='word_1_19' title='bbox 375 326 561 362; x_wconf 76' lang='lat' dir='ltr'>ecclesiae</span> <span class='ocrx_word' id='word_1_20' title='bbox 585 326 797 362; x_wconf 79' lang='lat' dir='ltr'>catholicae</span> <span class='ocrx_word' id='word_1_21' title='bbox 823 331 861 363; x_wconf 93' lang='lat' dir='ltr'>et</span> <span class='ocrx_word' id='word_1_22' title='bbox 886 327 933 362; x_wconf 93' lang='lat' dir='ltr'>de</span> <span class='ocrx_word' id='word_1_23' title='bbox 958 327 1127 363; x_wconf 91' lang='lat' dir='ltr'>moribus</span> <span class='ocrx_word' id='word_1_24' title='bbox 1153 326 1475 362; x_wconf 76' lang='lat' dir='ltr'>Manichaeorum‘</span> <span class='ocrx_word' id='word_1_25' title='bbox 1500 326 1586 362; x_wconf 89' lang='lat' dir='ltr'>libri</span> <span class='ocrx_word' id='word_1_26' title='bbox 1612 326 1699 363; x_wconf 81' lang='lat' dir='ltr'>duo.</span> 
     </span>
     <span class='ocr_line' id='line_1_4' title="bbox 191 385 1700 431; baseline 0 -12"><span class='ocrx_word' id='word_1_27' title='bbox 191 385 246 419; x_wconf 80' lang='lat' dir='ltr'>&#39;de</span> <span class='ocrx_word' id='word_1_28' title='bbox 267 385 398 430; x_wconf 81' lang='lat' dir='ltr'>genesi</span> <span class='ocrx_word' id='word_1_29' title='bbox 419 389 553 420; x_wconf 87' lang='lat' dir='ltr'>contra</span> <span class='ocrx_word' id='word_1_30' title='bbox 574 385 830 421; x_wconf 78' lang='lat' dir='ltr'>Manichaeos‘</span> <span class='ocrx_word' id='word_1_31' title='bbox 851 385 935 421; x_wconf 87' lang='lat' dir='ltr'>libri</span> <span class='ocrx_word' id='word_1_32' title='bbox 955 386 1042 430; x_wconf 89' lang='lat' dir='ltr'>duo,</span> <span class='ocrx_word' id='word_1_33' title='bbox 1066 386 1123 421; x_wconf 89' lang='lat' dir='ltr'>‘de</span> <span class='ocrx_word' id='word_1_34' title='bbox 1144 396 1237 422; x_wconf 87' lang='lat' dir='ltr'>vera</span> <span class='ocrx_word' id='word_1_35' title='bbox 1256 385 1464 431; x_wconf 83' lang='lat' dir='ltr'>religione‘,</span> <span class='ocrx_word' id='word_1_36' title='bbox 1485 386 1549 430; x_wconf 81' lang='lat' dir='ltr'>qui</span> <span class='ocrx_word' id='word_1_37' title='bbox 1568 395 1700 420; x_wconf 85' lang='lat' dir='ltr'>omnes</span> 
     </span>
     <span class='ocr_line' id='line_1_5' title="bbox 181 442 1699 487; baseline 0.002 -12"><span class='ocrx_word' id='word_1_38' title='bbox 181 453 212 475; x_wconf 79' lang='lat' dir='ltr'>a..</span> <span class='ocrx_word' id='word_1_39' title='bbox 243 443 429 478; x_wconf 83' lang='lat'>388—390</span> <span class='ocrx_word' id='word_1_40' title='bbox 459 443 591 487; x_wconf 88' lang='lat' dir='ltr'>scripti</span> <span class='ocrx_word' id='word_1_41' title='bbox 625 448 662 478; x_wconf 88' lang='lat' dir='ltr'>et</span> <span class='ocrx_word' id='word_1_42' title='bbox 695 454 769 478; x_wconf 93' lang='lat' dir='ltr'>una</span> <span class='ocrx_word' id='word_1_43' title='bbox 800 444 893 479; x_wconf 85' lang='lat' dir='ltr'>editi</span> <span class='ocrx_word' id='word_1_44' title='bbox 925 453 1009 479; x_wconf 89' lang='lat' dir='ltr'>esse</span> <span class='ocrx_word' id='word_1_45' title='bbox 1039 443 1235 487; x_wconf 87' lang='lat' dir='ltr'>videntur;</span> <span class='ocrx_word' id='word_1_46' title='bbox 1278 448 1479 487; x_wconf 88' lang='lat' dir='ltr'>praeterea</span> <span class='ocrx_word' id='word_1_47' title='bbox 1510 442 1699 487; x_wconf 77' lang='lat' dir='ltr'>epistulae</span> 
     </span>
     <span class='ocr_line' id='line_1_6' title="bbox 184 501 1700 546; baseline 0.001 -11"><span class='ocrx_word' id='word_1_48' title='bbox 184 502 236 536; x_wconf 88' lang='grc'>18.</span> <span class='ocrx_word' id='word_1_49' title='bbox 261 503 315 539; x_wconf 84' lang='grc'>19.</span> <span class='ocrx_word' id='word_1_50' title='bbox 339 503 385 538; x_wconf 83' lang='grc'>20</span> <span class='ocrx_word' id='word_1_51' title='bbox 410 501 447 536; x_wconf 92' lang='lat' dir='ltr'>in</span> <span class='ocrx_word' id='word_1_52' title='bbox 473 502 648 537; x_wconf 91' lang='lat' dir='ltr'>omnibus</span> <span class='ocrx_word' id='word_1_53' title='bbox 674 503 871 538; x_wconf 74' lang='lat' dir='ltr'>codicibus</span> <span class='ocrx_word' id='word_1_54' title='bbox 896 503 1048 537; x_wconf 89' lang='lat' dir='ltr'>iunctae</span> <span class='ocrx_word' id='word_1_55' title='bbox 1075 507 1164 538; x_wconf 87' lang='lat' dir='ltr'>sunt</span> <span class='ocrx_word' id='word_1_56' title='bbox 1188 507 1226 538; x_wconf 89' lang='lat' dir='ltr'>et</span> <span class='ocrx_word' id='word_1_57' title='bbox 1251 502 1349 538; x_wconf 88' lang='lat' dir='ltr'>inter</span> <span class='ocrx_word' id='word_1_58' title='bbox 1374 501 1561 546; x_wconf 78' lang='lat' dir='ltr'>epistulas</span> <span class='ocrx_word' id='word_1_59' title='bbox 1588 501 1700 536; x_wconf 90' lang='lat' dir='ltr'>huius</span> 
     </span>
     <span class='ocr_line' id='line_1_7' title="bbox 180 561 1558 607; baseline 0.003 -14"><span class='ocrx_word' id='word_1_60' title='bbox 180 561 318 595; x_wconf 76' lang='lat' dir='ltr'>aetatis</span> <span class='ocrx_word' id='word_1_61' title='bbox 340 561 517 605; x_wconf 81' lang='lat' dir='ltr'>traditae,</span> <span class='ocrx_word' id='word_1_62' title='bbox 545 562 593 596; x_wconf 90' lang='lat' dir='ltr'>ad</span> <span class='ocrx_word' id='word_1_63' title='bbox 623 572 718 606; x_wconf 87' lang='lat' dir='ltr'>quas</span> <span class='ocrx_word' id='word_1_64' title='bbox 744 562 859 597; x_wconf 89' lang='lat' dir='ltr'>etiam</span> <span class='ocrx_word' id='word_1_65' title='bbox 887 561 1137 597; x_wconf 86' lang='lat' dir='ltr'>similitudine</span> <span class='ocrx_word' id='word_1_66' title='bbox 1164 562 1329 607; x_wconf 83' lang='lat' dir='ltr'>quadarn</span> <span class='ocrx_word' id='word_1_67' title='bbox 1358 561 1558 599; x_wconf 84' lang='lat' dir='ltr'>accedunt.</span> 
     </span>
    </p>
   </div>
   <div class='ocr_carea' id='block_1_3' title="bbox 184 677 1700 781">
    <p class='ocr_par' dir='ltr' id='par_1_3' title="bbox 184 677 1700 781">
     <span class='ocr_line' id='line_1_8' title="bbox 299 677 1700 723; baseline 0.001 -13"><span class='ocrx_word' id='word_1_68' title='bbox 299 677 356 712; x_wconf 79' lang='lat' dir='ltr'>Ab</span> <span class='ocrx_word' id='word_1_69' title='bbox 379 687 481 712; x_wconf 87' lang='lat' dir='ltr'>anno</span> <span class='ocrx_word' id='word_1_70' title='bbox 503 677 570 713; x_wconf 87' lang='lat'>391</span> <span class='ocrx_word' id='word_1_71' title='bbox 598 677 753 713; x_wconf 92' lang='lat' dir='ltr'>ineunte</span> <span class='ocrx_word' id='word_1_72' title='bbox 777 678 826 713; x_wconf 88' lang='lat' dir='ltr'>ad</span> <span class='ocrx_word' id='word_1_73' title='bbox 851 682 1054 713; x_wconf 84' lang='lat' dir='ltr'>exeuntem</span> <span class='ocrx_word' id='word_1_74' title='bbox 1079 688 1221 713; x_wconf 90' lang='lat' dir='ltr'>annum</span> <span class='ocrx_word' id='word_1_75' title='bbox 1245 678 1324 723; x_wconf 90' lang='lat'>395,</span> <span class='ocrx_word' id='word_1_76' title='bbox 1349 688 1435 713; x_wconf 86' lang='lat' dir='ltr'>cum</span> <span class='ocrx_word' id='word_1_77' title='bbox 1460 677 1700 722; x_wconf 84' lang='lat' dir='ltr'>Augustinus</span> 
     </span>
     <span class='ocr_line' id='line_1_9' title="bbox 184 735 1586 781; baseline 0.001 -11"><span class='ocrx_word' id='word_1_78' title='bbox 184 735 382 781; x_wconf 75' lang='lat' dir='ltr'>presbyter</span> <span class='ocrx_word' id='word_1_79' title='bbox 406 741 487 771; x_wconf 87' lang='lat' dir='ltr'>erat</span> <span class='ocrx_word' id='word_1_80' title='bbox 512 736 828 781; x_wconf 87' lang='lat' dir='ltr'>Hipponiensium</span> <span class='ocrx_word' id='word_1_81' title='bbox 853 736 1071 781; x_wconf 75' lang='lat' dir='ltr'>Regiorum,</span> <span class='ocrx_word' id='word_1_82' title='bbox 1095 737 1260 781; x_wconf 84' lang='lat' dir='ltr'>scriptae</span> <span class='ocrx_word' id='word_1_83' title='bbox 1286 739 1376 771; x_wconf 88' lang='lat' dir='ltr'>sunt</span> <span class='ocrx_word' id='word_1_84' title='bbox 1399 736 1586 781; x_wconf 86' lang='lat' dir='ltr'>epistulae</span> 
     </span>
    </p>
   </div>
   <div class='ocr_carea' id='block_1_4' title="bbox 863 831 1014 866">
    <p class='ocr_par' dir='ltr' id='par_1_4' title="bbox 863 831 1014 866">
     <span class='ocr_line' id='line_1_10' title="bbox 863 831 1014 866; baseline -0.007 0"><span class='ocrx_word' id='word_1_85' title='bbox 863 831 1014 866; x_wconf 82' lang='lat' dir='ltr'>21—3o.</span> 
     </span>
    </p>
   </div>
   <div class='ocr_carea' id='block_1_5' title="bbox 173 911 1701 2492">
    <p class='ocr_par' dir='ltr' id='par_1_5' title="bbox 173 911 1701 2492">
     <span class='ocr_line' id='line_1_11' title="bbox 178 911 1701 959; baseline 0 -13"><span class='ocrx_word' id='word_1_86' title='bbox 178 911 344 955; x_wconf 83' lang='lat' dir='ltr'>epistula</span> <span class='ocrx_word' id='word_1_87' title='bbox 379 914 419 949; x_wconf 89' lang='lat'>21</span> <span class='ocrx_word' id='word_1_88' title='bbox 457 913 698 958; x_wconf 81' lang='lat' dir='ltr'>Augustinus</span> <span class='ocrx_word' id='word_1_89' title='bbox 731 922 896 957; x_wconf 80' lang='lat' dir='ltr'>parvum</span> <span class='ocrx_word' id='word_1_90' title='bbox 932 916 1083 958; x_wconf 82' lang='lat' dir='ltr'>tempus</span> <span class='ocrx_word' id='word_1_91' title='bbox 1118 914 1225 948; x_wconf 80' lang='lat' dir='ltr'>velut</span> <span class='ocrx_word' id='word_1_92' title='bbox 1259 923 1380 959; x_wconf 82' lang='lat' dir='ltr'>usque</span> <span class='ocrx_word' id='word_1_93' title='bbox 1415 915 1464 948; x_wconf 80' lang='lat' dir='ltr'>ad</span> <span class='ocrx_word' id='word_1_94' title='bbox 1498 911 1644 958; x_wconf 71' lang='lat' dir='ltr'>pascha</span> <span class='ocrx_word' id='word_1_95' title='bbox 1678 922 1701 946; x_wconf 93' lang='lat' dir='ltr'>a</span> 
     </span>
     <span class='ocr_line' id='line_1_12' title="bbox 179 970 1701 1016; baseline 0.001 -13"><span class='ocrx_word' id='word_1_96' title='bbox 179 971 333 1006; x_wconf 74' lang='lat' dir='ltr'>Valerio</span> <span class='ocrx_word' id='word_1_97' title='bbox 360 971 544 1016; x_wconf 90' lang='lat' dir='ltr'>episcopo</span> <span class='ocrx_word' id='word_1_98' title='bbox 571 972 777 1016; x_wconf 89' lang='lat' dir='ltr'>impetrare</span> <span class='ocrx_word' id='word_1_99' title='bbox 802 971 939 1016; x_wconf 87' lang='lat' dir='ltr'>voluit,</span> <span class='ocrx_word' id='word_1_100' title='bbox 965 976 1008 1007; x_wconf 86' lang='lat' dir='ltr'>ut</span> <span class='ocrx_word' id='word_1_101' title='bbox 1033 972 1082 1007; x_wconf 89' lang='lat' dir='ltr'>ad</span> <span class='ocrx_word' id='word_1_102' title='bbox 1109 971 1348 1007; x_wconf 91' lang='lat' dir='ltr'>subeundum</span> <span class='ocrx_word' id='word_1_103' title='bbox 1375 971 1593 1016; x_wconf 86' lang='lat' dir='ltr'>presbyteri</span> <span class='ocrx_word' id='word_1_104' title='bbox 1618 970 1701 1005; x_wconf 78' lang='lat' dir='ltr'>otti-</span> 
     </span>
     <span class='ocr_line' id='line_1_13' title="bbox 178 1030 1698 1076; baseline 0 -12"><span class='ocrx_word' id='word_1_105' title='bbox 178 1031 277 1065; x_wconf 81' lang='lat' dir='ltr'>cium</span> <span class='ocrx_word' id='word_1_106' title='bbox 304 1040 538 1075; x_wconf 88' lang='lat' dir='ltr'>praeparare</span> <span class='ocrx_word' id='word_1_107' title='bbox 571 1041 610 1066; x_wconf 91' lang='lat' dir='ltr'>se</span> <span class='ocrx_word' id='word_1_108' title='bbox 639 1036 786 1075; x_wconf 73' lang='lat' dir='ltr'>posset,</span> <span class='ocrx_word' id='word_1_109' title='bbox 817 1031 962 1075; x_wconf 89' lang='lat' dir='ltr'>scripta</span> <span class='ocrx_word' id='word_1_110' title='bbox 989 1035 1048 1066; x_wconf 89' lang='lat' dir='ltr'>est</span> <span class='ocrx_word' id='word_1_111' title='bbox 1077 1031 1193 1076; x_wconf 88' lang='lat' dir='ltr'>igitur</span> <span class='ocrx_word' id='word_1_112' title='bbox 1222 1041 1255 1067; x_wconf 90' lang='lat' dir='ltr'>a.</span> <span class='ocrx_word' id='word_1_113' title='bbox 1285 1031 1351 1066; x_wconf 88' lang='lat'>391</span> <span class='ocrx_word' id='word_1_114' title='bbox 1380 1030 1579 1075; x_wconf 87' lang='lat' dir='ltr'>aliquanto</span> <span class='ocrx_word' id='word_1_115' title='bbox 1609 1034 1698 1064; x_wconf 87' lang='lat' dir='ltr'>ante</span> 
     </span>
     <span class='ocr_line' id='line_1_14' title="bbox 179 1089 1698 1134; baseline -0.001 -11"><span class='ocrx_word' id='word_1_116' title='bbox 179 1090 331 1133; x_wconf 83' lang='lat' dir='ltr'>pascha.</span> <span class='ocrx_word' id='word_1_117' title='bbox 364 1112 411 1116; x_wconf 90' lang='lat'><strong>—</strong></span> <span class='ocrx_word' id='word_1_118' title='bbox 441 1090 646 1134; x_wconf 82' lang='lat' dir='ltr'>epistulam</span> <span class='ocrx_word' id='word_1_119' title='bbox 681 1092 725 1126; x_wconf 88' lang='lat'>22</span> <span class='ocrx_word' id='word_1_120' title='bbox 758 1090 807 1125; x_wconf 91' lang='lat' dir='ltr'>ad</span> <span class='ocrx_word' id='word_1_121' title='bbox 841 1090 1049 1133; x_wconf 89' lang='lat' dir='ltr'>Aurelium,</span> <span class='ocrx_word' id='word_1_122' title='bbox 1084 1090 1306 1134; x_wconf 87' lang='lat' dir='ltr'>episcopum</span> <span class='ocrx_word' id='word_1_123' title='bbox 1342 1089 1698 1134; x_wconf 83' lang='lat' dir='ltr'>Carthaginensem,</span> 
     </span>
     <span class='ocr_line' id='line_1_15' title="bbox 178 1148 1699 1193; baseline -0.001 -10"><span class='ocrx_word' id='word_1_124' title='bbox 178 1149 224 1184; x_wconf 88' lang='lat' dir='ltr'>de</span> <span class='ocrx_word' id='word_1_125' title='bbox 250 1149 516 1193; x_wconf 90' lang='lat' dir='ltr'>opprimendis</span> <span class='ocrx_word' id='word_1_126' title='bbox 539 1149 578 1184; x_wconf 91' lang='lat' dir='ltr'>in</span> <span class='ocrx_word' id='word_1_127' title='bbox 601 1149 774 1185; x_wconf 88' lang='lat' dir='ltr'>ecclesiis</span> <span class='ocrx_word' id='word_1_128' title='bbox 798 1153 836 1185; x_wconf 91' lang='lat' dir='ltr'>et</span> <span class='ocrx_word' id='word_1_129' title='bbox 860 1149 1058 1184; x_wconf 86' lang='lat' dir='ltr'>cimiteriis</span> <span class='ocrx_word' id='word_1_130' title='bbox 1082 1149 1420 1184; x_wconf 82' lang='lat' dir='ltr'>comissationibus</span> <span class='ocrx_word' id='word_1_131' title='bbox 1444 1153 1481 1184; x_wconf 88' lang='lat' dir='ltr'>et</span> <span class='ocrx_word' id='word_1_132' title='bbox 1505 1148 1699 1183; x_wconf 88' lang='lat' dir='ltr'>ebrietati-</span> 
     </span>
     <span class='ocr_line' id='line_1_16' title="bbox 178 1207 1699 1253; baseline -0.001 -11"><span class='ocrx_word' id='word_1_133' title='bbox 178 1209 246 1243; x_wconf 89' lang='lat' dir='ltr'>bus</span> <span class='ocrx_word' id='word_1_134' title='bbox 274 1209 440 1252; x_wconf 79' lang='lat' dir='ltr'>scripsit,</span> <span class='ocrx_word' id='word_1_135' title='bbox 468 1208 577 1244; x_wconf 88' lang='lat' dir='ltr'>cuius</span> <span class='ocrx_word' id='word_1_136' title='bbox 603 1208 694 1243; x_wconf 88' lang='lat' dir='ltr'>mali</span> <span class='ocrx_word' id='word_1_137' title='bbox 722 1212 870 1244; x_wconf 85' lang='lat' dir='ltr'>tantam</span> <span class='ocrx_word' id='word_1_138' title='bbox 901 1219 984 1244; x_wconf 79' lang='lat' dir='ltr'>esse</span> <span class='ocrx_word' id='word_1_139' title='bbox 1012 1207 1286 1253; x_wconf 84' lang='lat' dir='ltr'>pestilentiam,</span> <span class='ocrx_word' id='word_1_140' title='bbox 1313 1211 1355 1242; x_wconf 81' lang='lat' dir='ltr'>ut</span> <span class='ocrx_word' id='word_1_141' title='bbox 1382 1209 1512 1243; x_wconf 79' lang='lat' dir='ltr'>sanari</span> <span class='ocrx_word' id='word_1_142' title='bbox 1539 1217 1699 1253; x_wconf 81' lang='lat' dir='ltr'>prorsus</span> 
     </span>
     <span class='ocr_line' id='line_1_17' title="bbox 176 1265 1697 1313; baseline 0.001 -14"><span class='ocrx_word' id='word_1_143' title='bbox 176 1268 251 1302; x_wconf 75' lang='lat' dir='ltr'>nisi</span> <span class='ocrx_word' id='word_1_144' title='bbox 277 1268 431 1302; x_wconf 80' lang='lat' dir='ltr'>concilii</span> <span class='ocrx_word' id='word_1_145' title='bbox 462 1269 694 1303; x_wconf 79' lang='lat' dir='ltr'>auctoritate</span> <span class='ocrx_word' id='word_1_146' title='bbox 730 1278 807 1303; x_wconf 82' lang='lat' dir='ltr'>non</span> <span class='ocrx_word' id='word_1_147' title='bbox 839 1268 1009 1313; x_wconf 83' lang='lat' dir='ltr'>possit.¹)</span> <span class='ocrx_word' id='word_1_148' title='bbox 1056 1277 1179 1312; x_wconf 86' lang='lat' dir='ltr'>neque</span> <span class='ocrx_word' id='word_1_149' title='bbox 1214 1267 1358 1301; x_wconf 84' lang='lat' dir='ltr'>frustra.</span> <span class='ocrx_word' id='word_1_150' title='bbox 1392 1265 1509 1301; x_wconf 80' lang='lat' dir='ltr'>fuisse</span> <span class='ocrx_word' id='word_1_151' title='bbox 1543 1266 1697 1301; x_wconf 87' lang='lat' dir='ltr'>videtur</span> 
     </span>
     <span class='ocr_line' id='line_1_18' title="bbox 175 1324 1696 1371; baseline -0.001 -10"><span class='ocrx_word' id='word_1_152' title='bbox 175 1326 256 1361; x_wconf 90' lang='lat' dir='ltr'>eius</span> <span class='ocrx_word' id='word_1_153' title='bbox 278 1330 454 1369; x_wconf 87' lang='lat' dir='ltr'>conatus;</span> <span class='ocrx_word' id='word_1_154' title='bbox 495 1326 534 1361; x_wconf 91' lang='lat' dir='ltr'>in</span> <span class='ocrx_word' id='word_1_155' title='bbox 560 1326 723 1362; x_wconf 85' lang='lat' dir='ltr'>concilio</span> <span class='ocrx_word' id='word_1_156' title='bbox 753 1326 853 1365; x_wconf 91' lang='lat' dir='ltr'>enim</span> <span class='ocrx_word' id='word_1_157' title='bbox 879 1325 1138 1371; x_wconf 88' lang='lat' dir='ltr'>Hipponiensi</span> <span class='ocrx_word' id='word_1_158' title='bbox 1164 1324 1256 1360; x_wconf 90' lang='lat' dir='ltr'>VIII</span> <span class='ocrx_word' id='word_1_159' title='bbox 1283 1324 1337 1362; x_wconf 89' lang='lat' dir='ltr'>Id.</span> <span class='ocrx_word' id='word_1_160' title='bbox 1366 1324 1542 1360; x_wconf 82' lang='lat' dir='ltr'>Octobris</span> <span class='ocrx_word' id='word_1_161' title='bbox 1569 1336 1603 1360; x_wconf 90' lang='lat' dir='ltr'>a.</span> <span class='ocrx_word' id='word_1_162' title='bbox 1628 1325 1696 1360; x_wconf 84' lang='lat'>393</span> 
     </span>
     <span class='ocr_line' id='line_1_19' title="bbox 175 1385 1695 1430; baseline -0.001 -11"><span class='ocrx_word' id='word_1_163' title='bbox 175 1385 303 1421; x_wconf 88' lang='lat' dir='ltr'>habito</span> <span class='ocrx_word' id='word_1_164' title='bbox 329 1385 485 1430; x_wconf 87' lang='lat' dir='ltr'>placuit,</span> <span class='ocrx_word' id='word_1_165' title='bbox 513 1389 557 1421; x_wconf 80' lang='lat' dir='ltr'>ut</span> <span class='ocrx_word' id='word_1_166' title='bbox 586 1387 682 1421; x_wconf 79' lang='lat' dir='ltr'>nulli</span> <span class='ocrx_word' id='word_1_167' title='bbox 709 1387 884 1430; x_wconf 79' lang='lat' dir='ltr'>episcopi</span> <span class='ocrx_word' id='word_1_168' title='bbox 913 1386 975 1420; x_wconf 72' lang='lat' dir='ltr'>vel</span> <span class='ocrx_word' id='word_1_169' title='bbox 1004 1386 1133 1421; x_wconf 82' lang='lat' dir='ltr'>clerici</span> <span class='ocrx_word' id='word_1_170' title='bbox 1162 1387 1199 1420; x_wconf 80' lang='lat' dir='ltr'>in</span> <span class='ocrx_word' id='word_1_171' title='bbox 1231 1385 1394 1419; x_wconf 79' lang='lat' dir='ltr'>ecclesia</span> <span class='ocrx_word' id='word_1_172' title='bbox 1427 1385 1695 1426; x_wconf 78' lang='lat' dir='ltr'>conviventur,</span> 
     </span>
     <span class='ocr_line' id='line_1_20' title="bbox 176 1443 1695 1495; baseline -0.001 -16"><span class='ocrx_word' id='word_1_173' title='bbox 176 1445 250 1479; x_wconf 80' lang='lat' dir='ltr'>nisi</span> <span class='ocrx_word' id='word_1_174' title='bbox 271 1445 371 1486; x_wconf 78' lang='lat' dir='ltr'>sorte</span> <span class='ocrx_word' id='word_1_175' title='bbox 395 1448 639 1480; x_wconf 79' lang='lat' dir='ltr'>transeuntes</span> <span class='ocrx_word' id='word_1_176' title='bbox 663 1445 823 1489; x_wconf 71' lang='lat' dir='ltr'>hospitii</span> <span class='ocrx_word' id='word_1_177' title='bbox 847 1445 925 1479; x_wconf 77' lang='lat' dir='ltr'>illic</span> <span class='ocrx_word' id='word_1_178' title='bbox 947 1446 1179 1495; x_wconf 60' lang='lat' dir='ltr'>necessitate</span> <span class='ocrx_word' id='word_1_179' title='bbox 1206 1444 1396 1486; x_wconf 72' lang='lat' dir='ltr'>reficiant‚·</span> <span class='ocrx_word' id='word_1_180' title='bbox 1419 1443 1556 1489; x_wconf 79' lang='lat' dir='ltr'>populi</span> <span class='ocrx_word' id='word_1_181' title='bbox 1578 1443 1695 1478; x_wconf 81' lang='lat' dir='ltr'>etiam</span> 
     </span>
     <span class='ocr_line' id='line_1_21' title="bbox 176 1501 1697 1549; baseline -0.001 -11"><span class='ocrx_word' id='word_1_182' title='bbox 176 1504 223 1538; x_wconf 77' lang='lat' dir='ltr'>ab</span> <span class='ocrx_word' id='word_1_183' title='bbox 244 1505 357 1539; x_wconf 74' lang='lat' dir='ltr'>huius</span> <span class='ocrx_word' id='word_1_184' title='bbox 378 1504 482 1539; x_wconf 87' lang='lat' dir='ltr'>modi</span> <span class='ocrx_word' id='word_1_185' title='bbox 504 1505 707 1546; x_wconf 72' lang='lat' dir='ltr'>conviviis,</span> <span class='ocrx_word' id='word_1_186' title='bbox 730 1507 914 1549; x_wconf 78' lang='lat' dir='ltr'>quantum</span> <span class='ocrx_word' id='word_1_187' title='bbox 936 1506 1066 1548; x_wconf 76' lang='lat' dir='ltr'>potest</span> <span class='ocrx_word' id='word_1_188' title='bbox 1086 1504 1181 1545; x_wconf 75' lang='lat' dir='ltr'>fieri,</span> <span class='ocrx_word' id='word_1_189' title='bbox 1204 1502 1525 1548; x_wconf 79' lang='lat' dir='ltr'>prohibeantur.²)</span> <span class='ocrx_word' id='word_1_190' title='bbox 1550 1501 1697 1546; x_wconf 86' lang='lat' dir='ltr'>scripta</span> 
     </span>
     <span class='ocr_line' id='line_1_22' title="bbox 175 1560 1696 1608; baseline -0.003 -10"><span class='ocrx_word' id='word_1_191' title='bbox 175 1567 234 1598; x_wconf 88' lang='lat' dir='ltr'>est</span> <span class='ocrx_word' id='word_1_192' title='bbox 255 1563 373 1608; x_wconf 86' lang='lat' dir='ltr'>igitur</span> <span class='ocrx_word' id='word_1_193' title='bbox 395 1563 562 1607; x_wconf 88' lang='lat' dir='ltr'>epistula</span> <span class='ocrx_word' id='word_1_194' title='bbox 584 1562 699 1607; x_wconf 77' lang='lat' dir='ltr'>paulo</span> <span class='ocrx_word' id='word_1_195' title='bbox 723 1568 812 1598; x_wconf 90' lang='lat' dir='ltr'>ante</span> <span class='ocrx_word' id='word_1_196' title='bbox 836 1562 930 1598; x_wconf 88' lang='lat' dir='ltr'>illud</span> <span class='ocrx_word' id='word_1_197' title='bbox 953 1561 1156 1597; x_wconf 87' lang='lat' dir='ltr'>concilium</span> <span class='ocrx_word' id='word_1_198' title='bbox 1184 1562 1286 1596; x_wconf 87' lang='lat' dir='ltr'>circa</span> <span class='ocrx_word' id='word_1_199' title='bbox 1305 1571 1338 1597; x_wconf 89' lang='lat' dir='ltr'>a.</span> <span class='ocrx_word' id='word_1_200' title='bbox 1360 1561 1440 1597; x_wconf 87' lang='lat'>392.</span> <span class='ocrx_word' id='word_1_201' title='bbox 1462 1583 1508 1587; x_wconf 92' lang='lat'><strong>—</strong></span> <span class='ocrx_word' id='word_1_202' title='bbox 1528 1560 1696 1604; x_wconf 83' lang='lat' dir='ltr'>epistula</span> 
     </span>
     <span class='ocr_line' id='line_1_23' title="bbox 175 1619 1694 1667; baseline -0.002 -9"><span class='ocrx_word' id='word_1_203' title='bbox 175 1624 220 1658; x_wconf 83' lang='lat'>24</span> <span class='ocrx_word' id='word_1_204' title='bbox 241 1626 279 1658; x_wconf 90' lang='lat' dir='ltr'>et</span> <span class='ocrx_word' id='word_1_205' title='bbox 300 1624 345 1659; x_wconf 89' lang='lat'>25</span> <span class='ocrx_word' id='word_1_206' title='bbox 369 1622 491 1658; x_wconf 88' lang='lat' dir='ltr'>altera</span> <span class='ocrx_word' id='word_1_207' title='bbox 514 1622 563 1658; x_wconf 90' lang='lat' dir='ltr'>ad</span> <span class='ocrx_word' id='word_1_208' title='bbox 587 1621 767 1667; x_wconf 79' lang='lat' dir='ltr'>Alypium</span> <span class='ocrx_word' id='word_1_209' title='bbox 792 1621 915 1657; x_wconf 89' lang='lat' dir='ltr'>altera</span> <span class='ocrx_word' id='word_1_210' title='bbox 938 1621 987 1656; x_wconf 89' lang='lat' dir='ltr'>ad</span> <span class='ocrx_word' id='word_1_211' title='bbox 1012 1620 1270 1665; x_wconf 72' lang='lat' dir='ltr'>Augustinum</span> <span class='ocrx_word' id='word_1_212' title='bbox 1293 1620 1385 1656; x_wconf 89' lang='lat' dir='ltr'>data</span> <span class='ocrx_word' id='word_1_213' title='bbox 1406 1624 1464 1656; x_wconf 90' lang='lat' dir='ltr'>est</span> <span class='ocrx_word' id='word_1_214' title='bbox 1486 1630 1509 1655; x_wconf 89' lang='lat' dir='ltr'>a</span> <span class='ocrx_word' id='word_1_215' title='bbox 1532 1619 1694 1655; x_wconf 88' lang='lat' dir='ltr'>Paulino</span> 
     </span>
     <span class='ocr_line' id='line_1_24' title="bbox 176 1678 1695 1727; baseline -0.001 -12"><span class='ocrx_word' id='word_1_216' title='bbox 176 1682 412 1726; x_wconf 79' lang='lat' dir='ltr'>presbytero,</span> <span class='ocrx_word' id='word_1_217' title='bbox 446 1686 651 1727; x_wconf 89' lang='lat' dir='ltr'>postquam</span> <span class='ocrx_word' id='word_1_218' title='bbox 686 1691 733 1716; x_wconf 83' lang='lat' dir='ltr'>ex</span> <span class='ocrx_word' id='word_1_219' title='bbox 767 1680 956 1724; x_wconf 86' lang='lat' dir='ltr'>Hispania</span> <span class='ocrx_word' id='word_1_220' title='bbox 991 1680 1029 1715; x_wconf 93' lang='lat' dir='ltr'>in</span> <span class='ocrx_word' id='word_1_221' title='bbox 1064 1679 1215 1714; x_wconf 87' lang='lat' dir='ltr'>Italiam</span> <span class='ocrx_word' id='word_1_222' title='bbox 1250 1683 1516 1724; x_wconf 80' lang='lat' dir='ltr'>transgressus</span> <span class='ocrx_word' id='word_1_223' title='bbox 1550 1678 1695 1714; x_wconf 87' lang='lat' dir='ltr'>relictis</span> 
     </span>
     <span class='ocr_line' id='line_1_25' title="bbox 175 1737 1692 1783; baseline -0.002 -8"><span class='ocrx_word' id='word_1_224' title='bbox 175 1740 350 1776; x_wconf 91' lang='lat' dir='ltr'>omnibus</span> <span class='ocrx_word' id='word_1_225' title='bbox 387 1740 497 1775; x_wconf 92' lang='lat' dir='ltr'>bonis</span> <span class='ocrx_word' id='word_1_226' title='bbox 536 1739 758 1775; x_wconf 88' lang='lat' dir='ltr'>voluntaria</span> <span class='ocrx_word' id='word_1_227' title='bbox 795 1743 1025 1783; x_wconf 86' lang='lat' dir='ltr'>paupertate</span> <span class='ocrx_word' id='word_1_228' title='bbox 1064 1749 1096 1773; x_wconf 91' lang='lat' dir='ltr'>a.</span> <span class='ocrx_word' id='word_1_229' title='bbox 1135 1739 1202 1773; x_wconf 87' lang='grc'>394</span> <span class='ocrx_word' id='word_1_230' title='bbox 1243 1737 1363 1773; x_wconf 88' lang='lat' dir='ltr'>Nolae</span> <span class='ocrx_word' id='word_1_231' title='bbox 1403 1738 1646 1780; x_wconf 82' lang='lat' dir='ltr'>consederat3</span> <span class='ocrx_word' id='word_1_232' title='bbox 1663 1737 1692 1781; x_wconf 83' lang='lat'>³)</span> 
     </span>
     <span class='ocr_line' id='line_1_26' title="bbox 176 1795 1696 1845; baseline -0.003 -11"><span class='ocrx_word' id='word_1_233' title='bbox 176 1804 336 1845; x_wconf 91' lang='lat' dir='ltr'>utraque</span> <span class='ocrx_word' id='word_1_234' title='bbox 363 1799 529 1844; x_wconf 89' lang='lat' dir='ltr'>epistula</span> <span class='ocrx_word' id='word_1_235' title='bbox 555 1799 699 1835; x_wconf 85' lang='lat' dir='ltr'>eisdem</span> <span class='ocrx_word' id='word_1_236' title='bbox 727 1798 862 1833; x_wconf 89' lang='lat' dir='ltr'>diebus</span> <span class='ocrx_word' id='word_1_237' title='bbox 887 1797 1032 1841; x_wconf 88' lang='lat' dir='ltr'>scripta</span> <span class='ocrx_word' id='word_1_238' title='bbox 1056 1802 1115 1833; x_wconf 88' lang='lat' dir='ltr'>est</span> <span class='ocrx_word' id='word_1_239' title='bbox 1140 1801 1229 1832; x_wconf 88' lang='lat' dir='ltr'>ante</span> <span class='ocrx_word' id='word_1_240' title='bbox 1254 1797 1417 1832; x_wconf 87' lang='lat' dir='ltr'>hiemem</span> <span class='ocrx_word' id='word_1_241' title='bbox 1431 1798 1462 1841; x_wconf 86' lang='lat'>⁴)</span> <span class='ocrx_word' id='word_1_242' title='bbox 1489 1807 1524 1832; x_wconf 90' lang='lat' dir='ltr'>a.</span> <span class='ocrx_word' id='word_1_243' title='bbox 1548 1795 1616 1831; x_wconf 91' lang='lat'>394</span> <span class='ocrx_word' id='word_1_244' title='bbox 1642 1800 1696 1830; x_wconf 85' lang='lat' dir='ltr'>at-</span> 
     </span>
     <span class='ocr_line' id='line_1_27' title="bbox 176 1854 1694 1904; baseline -0.003 -11"><span class='ocrx_word' id='word_1_245' title='bbox 176 1870 247 1904; x_wconf 89' lang='lat' dir='ltr'>que</span> <span class='ocrx_word' id='word_1_246' title='bbox 286 1859 453 1903; x_wconf 83' lang='lat' dir='ltr'>epistula</span> <span class='ocrx_word' id='word_1_247' title='bbox 487 1859 533 1893; x_wconf 84' lang='lat'>25</span> <span class='ocrx_word' id='word_1_248' title='bbox 567 1857 731 1902; x_wconf 80' lang='lat' dir='ltr'>pri0r;⁵)</span> <span class='ocrx_word' id='word_1_249' title='bbox 783 1856 990 1901; x_wconf 82' lang='lat' dir='ltr'>Augustini</span> <span class='ocrx_word' id='word_1_250' title='bbox 1026 1865 1254 1899; x_wconf 88' lang='lat' dir='ltr'>responsum</span> <span class='ocrx_word' id='word_1_251' title='bbox 1290 1856 1405 1891; x_wconf 89' lang='lat' dir='ltr'>habet</span> <span class='ocrx_word' id='word_1_252' title='bbox 1438 1854 1606 1899; x_wconf 87' lang='lat' dir='ltr'>epistula</span> <span class='ocrx_word' id='word_1_253' title='bbox 1639 1856 1694 1898; x_wconf 89' lang='grc'>27,</span> 
     </span>
     <span class='ocr_line' id='line_1_28' title="bbox 176 1913 1695 1962; baseline -0.001 -12"><span class='ocrx_word' id='word_1_254' title='bbox 176 1929 272 1962; x_wconf 76' lang='lat' dir='ltr'>quae</span> <span class='ocrx_word' id='word_1_255' title='bbox 300 1918 469 1952; x_wconf 61' lang='lat' dir='ltr'>nondum</span> <span class='ocrx_word' id='word_1_256' title='bbox 497 1917 534 1951; x_wconf 92' lang='lat' dir='ltr'>in</span> <span class='ocrx_word' id='word_1_257' title='bbox 562 1917 712 1951; x_wconf 80' lang='lat' dir='ltr'>Paulini</span> <span class='ocrx_word' id='word_1_258' title='bbox 739 1925 875 1951; x_wconf 90' lang='lat' dir='ltr'>manus</span> <span class='ocrx_word' id='word_1_259' title='bbox 902 1919 1145 1959; x_wconf 86' lang='lat' dir='ltr'>pervenerat,</span> <span class='ocrx_word' id='word_1_260' title='bbox 1171 1925 1257 1950; x_wconf 86' lang='lat' dir='ltr'>cum</span> <span class='ocrx_word' id='word_1_261' title='bbox 1283 1914 1345 1950; x_wconf 91' lang='lat' dir='ltr'>ille</span> <span class='ocrx_word' id='word_1_262' title='bbox 1372 1913 1578 1958; x_wconf 88' lang='lat' dir='ltr'>impatiens</span> <span class='ocrx_word' id='word_1_263' title='bbox 1604 1914 1695 1949; x_wconf 87' lang='lat' dir='ltr'>data</span> 
     </span>
     <span class='ocr_line' id='line_1_29' title="bbox 175 1972 1696 2019; baseline -0.003 -8"><span class='ocrx_word' id='word_1_264' title='bbox 175 1976 378 2012; x_wconf 82' lang='lat' dir='ltr'>occasione</span> <span class='ocrx_word' id='word_1_265' title='bbox 407 1976 567 2011; x_wconf 90' lang='lat' dir='ltr'>alteram</span> <span class='ocrx_word' id='word_1_266' title='bbox 596 1972 813 2019; x_wconf 77' lang='lat' dir='ltr'>epistulam,</span> <span class='ocrx_word' id='word_1_267' title='bbox 841 1974 878 2010; x_wconf 91' lang='lat' dir='ltr'>id</span> <span class='ocrx_word' id='word_1_268' title='bbox 905 1979 963 2009; x_wconf 89' lang='lat' dir='ltr'>est</span> <span class='ocrx_word' id='word_1_269' title='bbox 989 1983 1048 2018; x_wconf 92' lang='lat' dir='ltr'>ep.</span> <span class='ocrx_word' id='word_1_270' title='bbox 1074 1975 1121 2010; x_wconf 82' lang='lat'>30</span> <span class='ocrx_word' id='word_1_271' title='bbox 1147 1973 1196 2009; x_wconf 88' lang='lat' dir='ltr'>ad</span> <span class='ocrx_word' id='word_1_272' title='bbox 1224 1973 1483 2018; x_wconf 88' lang='lat' dir='ltr'>Augustinum</span> <span class='ocrx_word' id='word_1_273' title='bbox 1510 1972 1625 2007; x_wconf 89' lang='lat' dir='ltr'>misit.</span> <span class='ocrx_word' id='word_1_274' title='bbox 1650 1994 1696 1998; x_wconf 96' lang='lat'><strong>—</strong></span> 
     </span>
     <span class='ocr_line' id='line_1_30' title="bbox 176 2031 1693 2079; baseline -0.002 -11"><span class='ocrx_word' id='word_1_275' title='bbox 176 2035 287 2070; x_wconf 76' lang='lat' dir='ltr'>simul</span> <span class='ocrx_word' id='word_1_276' title='bbox 315 2045 399 2070; x_wconf 87' lang='lat' dir='ltr'>cum</span> <span class='ocrx_word' id='word_1_277' title='bbox 425 2045 483 2079; x_wconf 91' lang='lat' dir='ltr'>ep.</span> <span class='ocrx_word' id='word_1_278' title='bbox 509 2036 553 2069; x_wconf 76' lang='lat'>27</span> <span class='ocrx_word' id='word_1_279' title='bbox 578 2034 724 2078; x_wconf 87' lang='lat' dir='ltr'>scripta</span> <span class='ocrx_word' id='word_1_280' title='bbox 748 2043 832 2069; x_wconf 91' lang='lat' dir='ltr'>esse</span> <span class='ocrx_word' id='word_1_281' title='bbox 858 2033 1012 2068; x_wconf 89' lang='lat' dir='ltr'>videtur</span> <span class='ocrx_word' id='word_1_282' title='bbox 1037 2032 1204 2077; x_wconf 87' lang='lat' dir='ltr'>epistula</span> <span class='ocrx_word' id='word_1_283' title='bbox 1228 2034 1274 2069; x_wconf 85' lang='lat'>26</span> <span class='ocrx_word' id='word_1_284' title='bbox 1298 2037 1336 2067; x_wconf 85' lang='lat' dir='ltr'>et</span> <span class='ocrx_word' id='word_1_285' title='bbox 1361 2032 1485 2067; x_wconf 88' lang='lat' dir='ltr'>eidem</span> <span class='ocrx_word' id='word_1_286' title='bbox 1510 2031 1693 2076; x_wconf 87' lang='lat' dir='ltr'>perlatori</span> 
     </span>
     <span class='ocr_line' id='line_1_31' title="bbox 174 2091 1694 2138; baseline -0.003 -9"><span class='ocrx_word' id='word_1_287' title='bbox 174 2094 413 2129; x_wconf 86' lang='lat' dir='ltr'>Romaniano</span> <span class='ocrx_word' id='word_1_288' title='bbox 444 2094 547 2137; x_wconf 89' lang='lat' dir='ltr'>data,</span> <span class='ocrx_word' id='word_1_289' title='bbox 578 2093 642 2138; x_wconf 86' lang='lat' dir='ltr'>qui</span> <span class='ocrx_word' id='word_1_290' title='bbox 674 2103 757 2128; x_wconf 89' lang='lat' dir='ltr'>earn</span> <span class='ocrx_word' id='word_1_291' title='bbox 788 2092 960 2127; x_wconf 88' lang='lat' dir='ltr'>Licentio</span> <span class='ocrx_word' id='word_1_292' title='bbox 991 2091 1068 2127; x_wconf 83' lang='lat' dir='ltr'>filio</span> <span class='ocrx_word' id='word_1_293' title='bbox 1098 2091 1288 2136; x_wconf 87' lang='lat' dir='ltr'>redderet,</span> <span class='ocrx_word' id='word_1_294' title='bbox 1319 2091 1426 2135; x_wconf 92' lang='lat' dir='ltr'>prius</span> <span class='ocrx_word' id='word_1_295' title='bbox 1457 2095 1585 2126; x_wconf 87' lang='lat' dir='ltr'>autem</span> <span class='ocrx_word' id='word_1_296' title='bbox 1617 2101 1694 2125; x_wconf 82' lang='lat' dir='ltr'>una</span> 
     </span>
     <span class='ocr_line' id='line_1_32' title="bbox 173 2149 1692 2196; baseline -0.001 -10"><span class='ocrx_word' id='word_1_297' title='bbox 173 2164 257 2188; x_wconf 66' lang='lat' dir='ltr'>cum</span> <span class='ocrx_word' id='word_1_298' title='bbox 284 2153 433 2189; x_wconf 88' lang='lat' dir='ltr'>Licenti</span> <span class='ocrx_word' id='word_1_299' title='bbox 466 2152 633 2187; x_wconf 82' lang='lat' dir='ltr'>carmine</span> <span class='ocrx_word' id='word_1_300' title='bbox 668 2151 829 2186; x_wconf 93' lang='lat' dir='ltr'>Paulino</span> <span class='ocrx_word' id='word_1_301' title='bbox 861 2151 1065 2196; x_wconf 87' lang='lat' dir='ltr'>legendam</span> <span class='ocrx_word' id='word_1_302' title='bbox 1099 2151 1377 2195; x_wconf 81' lang='lat' dir='ltr'>proponeret.⁰)</span> <span class='ocrx_word' id='word_1_303' title='bbox 1410 2172 1458 2176; x_wconf 88' lang='lat'><em>-</em></span> <span class='ocrx_word' id='word_1_304' title='bbox 1487 2149 1692 2194; x_wconf 89' lang='lat' dir='ltr'>epistulam</span> 
     </span>
     <span class='ocr_line' id='line_1_33' title="bbox 174 2208 1692 2256; baseline -0.003 -8"><span class='ocrx_word' id='word_1_305' title='bbox 174 2213 217 2248; x_wconf 87' lang='lat'>28</span> <span class='ocrx_word' id='word_1_306' title='bbox 243 2212 368 2247; x_wconf 88' lang='lat' dir='ltr'>adhuc</span> <span class='ocrx_word' id='word_1_307' title='bbox 395 2213 662 2256; x_wconf 86' lang='lat' dir='ltr'>presbyterum</span> <span class='ocrx_word' id='word_1_308' title='bbox 689 2221 730 2245; x_wconf 88' lang='lat' dir='ltr'>se</span> <span class='ocrx_word' id='word_1_309' title='bbox 756 2210 804 2244; x_wconf 86' lang='lat' dir='ltr'>ad</span> <span class='ocrx_word' id='word_1_310' title='bbox 834 2208 1111 2254; x_wconf 86' lang='lat' dir='ltr'>Hieronymum</span> <span class='ocrx_word' id='word_1_311' title='bbox 1139 2209 1367 2244; x_wconf 88' lang='lat' dir='ltr'>mittendam</span> <span class='ocrx_word' id='word_1_312' title='bbox 1395 2208 1692 2254; x_wconf 87' lang='lat' dir='ltr'>praeparavisse</span> 
     </span>
     <span class='ocr_line' id='line_1_34' title="bbox 176 2267 1691 2316; baseline -0.003 -10"><span class='ocrx_word' id='word_1_313' title='bbox 176 2272 256 2314; x_wconf 86' lang='lat' dir='ltr'>ipse</span> <span class='ocrx_word' id='word_1_314' title='bbox 282 2271 522 2316; x_wconf 80' lang='lat' dir='ltr'>Augustinus</span> <span class='ocrx_word' id='word_1_315' title='bbox 547 2270 639 2304; x_wconf 81' lang='lat' dir='ltr'>dicit</span> <span class='ocrx_word' id='word_1_316' title='bbox 666 2270 703 2304; x_wconf 92' lang='lat' dir='ltr'>in</span> <span class='ocrx_word' id='word_1_317' title='bbox 728 2278 787 2313; x_wconf 89' lang='lat' dir='ltr'>ep.</span> <span class='ocrx_word' id='word_1_318' title='bbox 814 2270 855 2304; x_wconf 77' lang='lat'>71</span> <span class='ocrx_word' id='word_1_319' title='bbox 884 2279 919 2313; x_wconf 88' lang='lat' dir='ltr'>p.</span> <span class='ocrx_word' id='word_1_320' title='bbox 945 2268 1024 2313; x_wconf 85' lang='lat'>249,</span> <span class='ocrx_word' id='word_1_321' title='bbox 1050 2268 1197 2304; x_wconf 91' lang='lat'>13—14.</span> <span class='ocrx_word' id='word_1_322' title='bbox 1235 2267 1396 2312; x_wconf 84' lang='lat' dir='ltr'>accedit,</span> <span class='ocrx_word' id='word_1_323' title='bbox 1422 2267 1525 2313; x_wconf 86' lang='lat' dir='ltr'>quod</span> <span class='ocrx_word' id='word_1_324' title='bbox 1550 2277 1587 2312; x_wconf 91' lang='lat' dir='ltr'>p.</span> <span class='ocrx_word' id='word_1_325' title='bbox 1615 2268 1691 2310; x_wconf 90' lang='lat'>104,</span> 
     </span>
     <span class='ocr_line' id='line_1_35' title="bbox 174 2325 1692 2375; baseline -0.004 -10"><span class='ocrx_word' id='word_1_326' title='bbox 174 2331 263 2365; x_wconf 70' lang='grc'>’3-3</span> <span class='ocrx_word' id='word_1_327' title='bbox 291 2330 455 2375; x_wconf 77' lang='lat' dir='ltr'>Alypius</span> <span class='ocrx_word' id='word_1_328' title='bbox 470 2330 729 2372; x_wconf 24' lang='lat' dir='ltr'>*beatissimus</span> <span class='ocrx_word' id='word_1_329' title='bbox 758 2338 860 2362; x_wconf 77' lang='lat' dir='ltr'>nunc</span> <span class='ocrx_word' id='word_1_330' title='bbox 889 2328 1096 2372; x_wconf 81' lang='lat' dir='ltr'>episcopus</span> <span class='ocrx_word' id='word_1_331' title='bbox 1127 2326 1357 2371; x_wconf 90' lang='lat' dir='ltr'>appellatur.</span> <span class='ocrx_word' id='word_1_332' title='bbox 1397 2326 1498 2361; x_wconf 92' lang='lat' dir='ltr'>unde</span> <span class='ocrx_word' id='word_1_333' title='bbox 1527 2325 1692 2361; x_wconf 79' lang='lat' dir='ltr'>efficitur</span> 
     </span>
     <span class='ocr_line' id='line_1_36' title="bbox 173 2384 1691 2433; baseline -0.003 -10"><span class='ocrx_word' id='word_1_334' title='bbox 173 2389 355 2433; x_wconf 80' lang='lat' dir='ltr'>scriptam</span> <span class='ocrx_word' id='word_1_335' title='bbox 381 2399 465 2425; x_wconf 87' lang='lat' dir='ltr'>esse</span> <span class='ocrx_word' id='word_1_336' title='bbox 491 2388 588 2422; x_wconf 89' lang='lat' dir='ltr'>hanc</span> <span class='ocrx_word' id='word_1_337' title='bbox 615 2387 819 2431; x_wconf 88' lang='lat' dir='ltr'>epistulam</span> <span class='ocrx_word' id='word_1_338' title='bbox 847 2397 879 2422; x_wconf 89' lang='lat' dir='ltr'>a.</span> <span class='ocrx_word' id='word_1_339' title='bbox 904 2387 971 2421; x_wconf 87' lang='lat'>394</span> <span class='ocrx_word' id='word_1_340' title='bbox 996 2390 1063 2421; x_wconf 90' lang='lat' dir='ltr'>aut</span> <span class='ocrx_word' id='word_1_341' title='bbox 1086 2386 1165 2421; x_wconf 85' lang='lat'>395.</span> <span class='ocrx_word' id='word_1_342' title='bbox 1191 2396 1305 2430; x_wconf 88' lang='lat' dir='ltr'>quarn</span> <span class='ocrx_word' id='word_1_343' title='bbox 1334 2395 1419 2420; x_wconf 88' lang='lat' dir='ltr'>cum</span> <span class='ocrx_word' id='word_1_344' title='bbox 1445 2385 1488 2429; x_wconf 86' lang='lat' dir='ltr'>is,</span> <span class='ocrx_word' id='word_1_345' title='bbox 1513 2385 1573 2419; x_wconf 87' lang='lat' dir='ltr'>cui</span> <span class='ocrx_word' id='word_1_346' title='bbox 1597 2384 1691 2419; x_wconf 78' lang='lat' dir='ltr'>data</span> 
     </span>
     <span class='ocr_line' id='line_1_37' title="bbox 178 2442 1692 2492; baseline -0.003 -10"><span class='ocrx_word' id='word_1_347' title='bbox 178 2452 247 2492; x_wconf 78' lang='lat' dir='ltr'>est,</span> <span class='ocrx_word' id='word_1_348' title='bbox 275 2458 322 2482; x_wconf 92' lang='lat' dir='ltr'>ne</span> <span class='ocrx_word' id='word_1_349' title='bbox 350 2447 547 2492; x_wconf 78' lang='lat' dir='ltr'>perferret,</span> <span class='ocrx_word' id='word_1_350' title='bbox 575 2445 866 2490; x_wconf 72' lang='lat' dir='ltr'>impediretur,⁷)</span> <span class='ocrx_word' id='word_1_351' title='bbox 894 2445 1034 2481; x_wconf 85' lang='lat' dir='ltr'>evenit.</span> <span class='ocrx_word' id='word_1_352' title='bbox 1059 2448 1103 2478; x_wconf 90' lang='lat' dir='ltr'>ut</span> <span class='ocrx_word' id='word_1_353' title='bbox 1130 2444 1203 2478; x_wconf 90' lang='lat' dir='ltr'>nisi</span> <span class='ocrx_word' id='word_1_354' title='bbox 1232 2443 1360 2478; x_wconf 91' lang='lat' dir='ltr'>multis</span> <span class='ocrx_word' id='word_1_355' title='bbox 1391 2443 1500 2478; x_wconf 89' lang='lat' dir='ltr'>annis</span> <span class='ocrx_word' id='word_1_356' title='bbox 1528 2446 1616 2488; x_wconf 91' lang='lat' dir='ltr'>post</span> <span class='ocrx_word' id='word_1_357' title='bbox 1644 2442 1692 2478; x_wconf 90' lang='lat' dir='ltr'>ab</span> 
     </span>
    </p>
   </div>
   <div class='ocr_carea' id='block_1_6' title="bbox 312 2572 1688 2853">
    <p class='ocr_par' dir='ltr' id='par_1_6' title="bbox 316 2572 863 2618">
     <span class='ocr_line' id='line_1_38' title="bbox 316 2572 863 2618; baseline -0.005 -10"><span class='ocrx_word' id='word_1_358' title='bbox 316 2577 342 2618; x_wconf 76' lang='lat'>¹)</span> <span class='ocrx_word' id='word_1_359' title='bbox 374 2582 409 2617; x_wconf 89' lang='lat' dir='ltr'>p.</span> <span class='ocrx_word' id='word_1_360' title='bbox 435 2574 489 2617; x_wconf 78' lang='lat'>57,</span> <span class='ocrx_word' id='word_1_361' title='bbox 513 2574 571 2616; x_wconf 72' lang='grc'>22,</span> <span class='ocrx_word' id='word_1_362' title='bbox 596 2572 642 2609; x_wconf 79' lang='lat' dir='ltr'>cf.</span> <span class='ocrx_word' id='word_1_363' title='bbox 670 2583 704 2617; x_wconf 85' lang='lat' dir='ltr'>p.</span> <span class='ocrx_word' id='word_1_364' title='bbox 730 2572 784 2615; x_wconf 87' lang='grc'>55,</span> <span class='ocrx_word' id='word_1_365' title='bbox 809 2572 863 2606; x_wconf 90' lang='grc'>21.</span> 
     </span>
    </p>

    <p class='ocr_par' dir='ltr' id='par_1_7' title="bbox 313 2628 1051 2676">
     <span class='ocr_line' id='line_1_39' title="bbox 313 2628 1051 2676; baseline -0.003 -10"><span class='ocrx_word' id='word_1_366' title='bbox 313 2634 342 2676; x_wconf 77' lang='lat'>²)</span> <span class='ocrx_word' id='word_1_367' title='bbox 373 2632 495 2666; x_wconf 84' lang='lat' dir='ltr'>Mansi</span> <span class='ocrx_word' id='word_1_368' title='bbox 521 2631 655 2668; x_wconf 85' lang='lat' dir='ltr'>concil.</span> <span class='ocrx_word' id='word_1_369' title='bbox 681 2630 765 2666; x_wconf 86' lang='lat' dir='ltr'>coll.</span> <span class='ocrx_word' id='word_1_370' title='bbox 789 2630 843 2664; x_wconf 93' lang='lat' dir='ltr'>III</span> <span class='ocrx_word' id='word_1_371' title='bbox 867 2640 903 2675; x_wconf 92' lang='lat' dir='ltr'>p.</span> <span class='ocrx_word' id='word_1_372' title='bbox 929 2629 996 2664; x_wconf 88' lang='lat'>923</span> <span class='ocrx_word' id='word_1_373' title='bbox 1011 2628 1051 2664; x_wconf 89' lang='lat' dir='ltr'>C.</span> 
     </span>
    </p>

    <p class='ocr_par' dir='ltr' id='par_1_8' title="bbox 314 2690 1688 2794">
     <span class='ocr_line' id='line_1_40' title="bbox 314 2690 1688 2735; baseline -0.001 -8"><span class='ocrx_word' id='word_1_374' title='bbox 314 2693 343 2735; x_wconf 72' lang='lat'>³)</span> <span class='ocrx_word' id='word_1_375' title='bbox 374 2701 409 2735; x_wconf 88' lang='lat' dir='ltr'>p.</span> <span class='ocrx_word' id='word_1_376' title='bbox 430 2692 484 2734; x_wconf 77' lang='grc'>76,</span> <span class='ocrx_word' id='word_1_377' title='bbox 507 2691 657 2732; x_wconf 83' lang='lat'>13—19;</span> <span class='ocrx_word' id='word_1_378' title='bbox 680 2692 734 2734; x_wconf 83' lang='lat'>81,</span> <span class='ocrx_word' id='word_1_379' title='bbox 758 2691 903 2726; x_wconf 85' lang='grc'><strong>14-18,</strong></span> <span class='ocrx_word' id='word_1_380' title='bbox 1001 2691 1031 2735; x_wconf 84' lang='lat'>⁴)</span> <span class='ocrx_word' id='word_1_381' title='bbox 1062 2700 1096 2734; x_wconf 93' lang='lat' dir='ltr'>p.</span> <span class='ocrx_word' id='word_1_382' title='bbox 1119 2691 1196 2735; x_wconf 88' lang='lat'>123,</span> <span class='ocrx_word' id='word_1_383' title='bbox 1217 2690 1342 2725; x_wconf 83' lang='lat'>9-10.</span> <span class='ocrx_word' id='word_1_384' title='bbox 1440 2690 1470 2734; x_wconf 82' lang='lat'>⁵)</span> <span class='ocrx_word' id='word_1_385' title='bbox 1500 2700 1535 2734; x_wconf 91' lang='lat' dir='ltr'>p.</span> <span class='ocrx_word' id='word_1_386' title='bbox 1559 2691 1613 2733; x_wconf 76' lang='lat'>74,</span> <span class='ocrx_word' id='word_1_387' title='bbox 1636 2690 1688 2726; x_wconf 76' lang='lat'>18.</span> 
     </span>
     <span class='ocr_line' id='line_1_41' title="bbox 314 2749 900 2794; baseline 0 -9"><span class='ocrx_word' id='word_1_388' title='bbox 314 2753 344 2793; x_wconf 67' lang='grc' dir='ltr'>ο)</span> <span class='ocrx_word' id='word_1_389' title='bbox 374 2759 409 2793; x_wconf 87' lang='lat' dir='ltr'>p.</span> <span class='ocrx_word' id='word_1_390' title='bbox 431 2751 486 2794; x_wconf 81' lang='lat'>99,</span> <span class='ocrx_word' id='word_1_391' title='bbox 510 2750 673 2792; x_wconf 62' lang='lat'>10-143</span> <span class='ocrx_word' id='word_1_392' title='bbox 700 2751 775 2794; x_wconf 76' lang='lat'>102,</span> <span class='ocrx_word' id='word_1_393' title='bbox 799 2749 900 2785; x_wconf 84' lang='lat'>5—7.</span> 
     </span>
    </p>

    <p class='ocr_par' dir='ltr' id='par_1_9' title="bbox 312 2808 1215 2853">
     <span class='ocr_line' id='line_1_42' title="bbox 312 2808 1215 2853; baseline 0.001 -11"><span class='ocrx_word' id='word_1_394' title='bbox 312 2810 342 2852; x_wconf 80' lang='lat'>⁷)</span> <span class='ocrx_word' id='word_1_395' title='bbox 373 2808 406 2842; x_wconf 92' lang='lat' dir='ltr'>II</span> <span class='ocrx_word' id='word_1_396' title='bbox 435 2819 470 2853; x_wconf 89' lang='lat' dir='ltr'>p.</span> <span class='ocrx_word' id='word_1_397' title='bbox 497 2809 576 2852; x_wconf 88' lang='grc'>249,</span> <span class='ocrx_word' id='word_1_398' title='bbox 607 2808 778 2852; x_wconf 89' lang='lat'>15-250,</span> <span class='ocrx_word' id='word_1_399' title='bbox 806 2808 840 2850; x_wconf 79' lang='lat'>33</span> <span class='ocrx_word' id='word_1_400' title='bbox 880 2808 958 2852; x_wconf 87' lang='lat'>255,</span> <span class='ocrx_word' id='word_1_401' title='bbox 987 2808 1157 2851; x_wconf 89' lang='lat'>12—256,</span> <span class='ocrx_word' id='word_1_402' title='bbox 1185 2809 1215 2844; x_wconf 93' lang='lat'>1.</span> 
     </span>
    </p>
   </div>
  </div>
 </body>
</html>
