2078 3054
277 145 363 188 420
938 158 1079 197 Index
1106 159 1170 196 VI.

279 275 554 311 testatissimus
579 275 613 310 II
637 275 691 320 88,
716 276 771 311 27.

279 338 441 369 testator
465 333 500 368 II
527 335 602 378 107,
626 334 681 368 20.

323 451 460 494 (Dan).

276 512 419 544 textus:
462 508 706 543 considerato
746 512 856 543 textu
896 507 1034 552 prioris

323 566 512 610 epistulae
562 566 613 601 IV
650 567 730 612 451,
767 567 789 601 6
838 565 1033 609 (Quodv.).

322 629 452 660 textus
480 625 651 660 eiusdem
680 624 798 660 libelli
825 624 879 658 ΙΙΙ
907 624 985 669 610,
1014 625 1033 658 7

322 683 435 726 (Tim.
463 686 501 718 et
526 683 631 727 lacn).

275 740 463 776 theatrica
500 741 780 779 consuetudine
817 740 852 774 II
890 741 965 785 110,
1001 740 1033 775 5.

320 799 531 835 theatricas
568 799 750 835 affectare
789 799 961 834 luxurias
999 798 1033 833 11

322 857 399 903 183,
441 859 472 893 7.
514 857 704 893 theatrica
745 857 937 893 dedecora
979 856 1033 890 III

322 916 399 960 141,
428 916 459 951 2.

272 973 501 1019 thelodives,
568 974 843 1018 thelosapiens,
913 973 1033 1009 thelo-

320 1032 486 1067 humilis:
516 1032 634 1078 vulgo
662 1032 813 1076 dicitur,
843 1032 907 1077 qui
936 1031 1032 1067 divi-

319 1095 395 1126 tem
429 1090 598 1135 affectat,
632 1090 849 1126 thelodives
884 1095 933 1134 et,
968 1089 1031 1135 qui

320 1149 546 1195 sapientem,
571 1148 849 1193 thelosapiens,
876 1158 967 1193 ergo
994 1152 1032 1184 et

319 1207 379 1242 hic
405 1207 664 1243 thelohumilis
690 1210 761 1242 etc.
788 1206 842 1241 ΙΙΙ
868 1207 947 1251 373,
974 1206 1030 1250 19;

319 1265 366 1306 cf.
388 1266 468 1310 374,
493 1266 548 1300 21.

270 1322 478 1369 theologia:
509 1322 731 1368 philosophi
760 1322 1031 1367 praedicantes

318 1381 433 1425 illam,
466 1392 580 1427 quarn
613 1385 768 1426 vocant,
799 1380 1033 1426 theologiam

318 1439 373 1474 III
399 1440 477 1484 371,
507 1440 560 1475 15.

269 1497 544 1533 thesaurizare:
594 1497 798 1542 *pa-rentes
832 1496 919 1532 filiis
951 1496 1031 1532 the-

317 1556 513 1591 saurizant
541 1555 575 1590 II
603 1556 681 1600 283,
708 1556 740 1590 8.
768 1555 1029 1591 *thesaurizas

317 1614 386 1649 tibi
420 1614 514 1649 iram
546 1614 602 1648 III
633 1615 713 1658 400,
744 1614 780 1657 33
814 1614 860 1654 cf.
893 1613 944 1647 IV
977 1613 1032 1657 43,

319 1672 372 1707 14.
397 1673 476 1717 586,
501 1673 533 1707 5.
558 1672 638 1718 635,
665 1672 718 1707 18.
745 1671 1029 1707 *thesaurizent

316 1730 389 1766 sibi
416 1730 709 1766 fundamentum
738 1730 879 1782 bonum
907 1729 946 1764 in
974 1729 1030 1764 fu-

316 1792 442 1823 turum
490 1788 544 1823 111
590 1788 646 1834 42,
693 1789 747 1823 10.
793 1788 870 1833 178,
915 1788 937 1822 5
981 1787 1029 1822 al.

316 1846 577 1883 thesaurizare
601 1846 640 1881 in
663 1846 769 1882 caelo
794 1845 849 1880 III
870 1846 948 1890 481,
975 1846 1027 1880 10.

316 1905 369 1940 IV
432 1905 511 1950 627,
575 1905 630 1940 20.
695 1904 1027 1940 *thesaurizantur

315 1963 427 1999 iustis
458 1963 620 1999 divitiae
652 1963 854 2007 impiorum
889 1962 941 1996 IV
973 1963 1028 2006 33,

315 2021 351 2064 63
378 2021 424 2063 cf.
449 2021 506 2065 35,
530 2021 586 2056 22.

1121 277 1292 312 versario
1315 277 1473 322 pergitis
1497 277 1531 311 II
1551 276 1631 321 511,
1653 275 1708 311 21.
1728 297 1776 302 —
1796 275 1834 311 in

1053 368 1054 373 ,
1120 340 1242 371 totum
1275 338 1330 380 (z
1347 337 1512 381 omnino,
1543 338 1728 383 prorsus):
1758 348 1835 373 non

277 396 457 427 texerunt
481 402 551 437 pro
577 397 785 428 texuerunt
809 391 861 426 IV
887 392 965 436 500,
994 388 1055 425 10'

1121 404 1203 430 sum
1235 394 1340 431 lusus
1373 395 1412 429 in
1443 398 1566 430 totum
1598 395 1650 430 IV
1679 396 1759 440 532,
1792 397 1835 431 18

1119 453 1332 497 (hymnus).
1358 453 1397 487 in
1422 458 1544 488 totum
1572 454 1834 497 paenitentiae

1119 509 1245 546 locum
1280 510 1501 546 clauserunt
1534 511 1569 546 II
1603 512 1683 556 484,
1718 512 1762 546 24
1796 515 1835 547 et

1120 568 1198 613 485,
1226 569 1270 604 19
1295 569 1459 614 (Ερμῆ).

1073 629 1261 661 tractator
1312 627 1346 661 II
1398 627 1478 671 386,
1531 627 1564 662 8.
1618 626 1833 662 divinarum

1120 684 1394 729 scripturarum
1421 688 1650 720 tractatores
1677 685 1730 719 III
1754 685 1835 729 288,

1119 742 1177 786 213
1208 742 1255 783 cs.
1287 742 1323 776 II
1352 743 1431 788 318,
1462 743 1480 777 1
1511 743 1662 788 (Hier.).
1690 744 1774 788 377,
1801 743 1833 778 2.

1119 799 1173 834 III
1204 800 1289 845 330,
1326 800 1382 835 20.
1420 800 1500 845 486,
1536 801 1568 836 8.
1607 800 1660 836 IV
1696 801 1775 845 478,
1812 801 1834 836 5

1118 857 1240 902 (Hal).

1070 916 1300 951 tractatoria
1355 916 1474 951 missa
1530 926 1645 961 super
1702 926 1832 952 eorum

1118 974 1272 1009 nomine
1314 983 1382 1017 per
1423 978 1546 1009 totum
1589 974 1718 1010 orbem
1760 978 1833 1010 ter-

1118 1042 1245 1066 rarum
1309 1033 1357 1067 ab
1421 1033 1596 1068 omnibus
1659 1033 1833 1069 ecclesiis

1117 1100 1247 1125 eorum
1280 1090 1495 1126 communio
1528 1090 1770 1135 praecidetur
1799 1089 1833 1125 II

1116 1148 1172 1192 91,
1198 1149 1252 1183 15.

1070 1210 1272 1252 tractatus,
1324 1217 1396 1242 —usz
1451 1207 1609 1242 secretis
1660 1207 1833 1242 tractati-

1116 1263 1187 1299 bus
1238 1264 1432 1299 occultare
1487 1265 1729 1311 sacrilegium
1781 1263 1832 1299 IV

1116 1322 1195 1366 298,
1229 1322 1251 1357 9
1285 1323 1479 1367 (imperat.
1513 1323 1617 1367 lita).

1069 1380 1254 1415 tractoria
1290 1381 1340 1416 de
1377 1381 1629 1416 convocando
1668 1381 1832 1416 concilio

1117 1437 1151 1472 II
1180 1438 1259 1483 219,
1287 1438 1438 1483 6—220,
1466 1439 1522 1474 11.

1068 1496 1273 1532 traditores
1335 1497 1576 1542 (sanctorum
1638 1497 1832 1540 codicum)

1116 1553 1151 1588 II
1173 1555 1229 1598 87,
1251 1555 1283 1590 8.
1308 1554 1362 1590 12.
1384 1555 1439 1599 88,
1462 1556 1516 1590 17.
1539 1555 1595 1599 89,
1619 1555 1673 1589 11.
1696 1555 1751 1590 27.
1774 1554 1830 1598 92,

1116 1612 1170 1646 15.
1201 1612 1256 1647 21.
1289 1612 1333 1648 25
1364 1613 1412 1648 al.
1444 1612 1649 1648 traditores
1680 1616 1720 1648 et
1750 1622 1830 1657 per-

1116 1674 1312 1706 secutores
1343 1670 1377 1705 II
1406 1671 1463 1714 30,
1496 1671 1549 1705 16.
1581 1670 1637 1705 21.
1668 1670 1721 1705 III
1750 1670 1830 1714 235,

1116 1728 1170 1764 13.

1068 1786 1220 1821 tradux:
1259 1785 1414 1830 (anima)
1450 1786 1552 1831 quod
1589 1786 1637 1821 sit
1673 1786 1720 1822 de
1756 1790 1830 1821 tra-

1114 1844 1211 1879 duce
1242 1844 1343 1879 illius
1373 1844 1534 1889 animae,
1565 1855 1679 1889 quam
1709 1844 1829 1889 primo

1114 1901 1258 1937 homini
1294 1902 1400 1937 dedit
1436 1902 1530 1938 deus
1567 1902 1620 1937 III
1656 1902 1735 1946 258,
1770 1902 1828 1945 223

1115 1960 1161 2001 cf.
1189 1960 1267 2004 259,
1297 1961 1326 1995 1.
1351 1961 1383 1995 3.
1410 1960 1488 2004 260,
1516 1960 1547 1995 8.

1067 2020 1310 2053 transeunter
1339 2017 1355 2052 I
1384 2017 1440 2062 29,
1471 2018 1525 2052 10.

268 2079 416 2115 timere:
445 2079 535 2124 quia
559 2079 737 2115 veritatis
763 2087 892 2114 amore
919 2077 1032 2113 duce-
1071 2074 1358 2121 transfigurare:
1376 2074 1582 2119 (dominus)
1598 2074 1822 2119 *quitrans-

315 2137 466 2181 bantur,
506 2137 588 2172 veri
630 2136 917 2172 similitudinem
958 2135 1031 2171 illis

315 2194 452 2238 timuit,
484 2204 531 2230 ne
565 2194 834 2239 deciperentur
867 2194 919 2228 III
951 2194 1032 2237 370,

317 2252 370 2287 12.
393 2252 494 2288 *non
514 2252 655 2287 timebo
679 2262 702 2286 a
722 2252 856 2287 timore
878 2255 1031 2287 noctur-

314 2320 363 2345 no
392 2294 431 2344 Is
455 2311 534 2354 498,
562 2310 616 2346 23.
645 2309 792 2345 *iustus
821 2309 869 2344 ab
896 2309 1031 2345 auditu

315 2367 414 2404 malo
440 2377 518 2402 non
544 2367 692 2403 timebit
719 2367 771 2402 IV
796 2367 876 2411 656,
903 2368 935 2402 7.

268 2425 415 2461 tollere:
463 2425 541 2461 noli
588 2429 626 2460 te
671 2425 710 2460 in
755 2425 850 2460 alias
896 2424 1030 2460 tollere

314 2482 559 2528 quaestiones
591 2483 626 2518 II
656 2483 735 2527 402,
766 2483 821 2517 22.

268 2544 393 2576 tomus
419 2541 471 2575 III
496 2541 576 2585 657,
603 2541 657 2576 15.

267 2598 724 2634 torcularisztorcular:
761 2598 808 2633 de
843 2608 933 2633 area
965 2597 1030 2632 tri-

1114 2132 1253 2178 figurat
1302 2143 1441 2177 corpus
1489 2133 1717 2168 humilitatis
1764 2143 1829 2168 no—

1114 2194 1215 2226 strae
1256 2191 1454 2226 conforme
1493 2190 1644 2235 corpori
1683 2190 1827 2236 gloriae

1113 2257 1205 2284 suae
1233 2248 1286 2283 III
1311 2249 1391 2293 325,
1420 2249 1474 2284 13.
1500 2248 1679 2284 *satanas
1706 2252 1827 2283 trans-

1112 2306 1253 2351 figurat
1281 2316 1321 2342 se
1349 2306 1388 2340 in
1415 2306 1593 2352 angelum
1620 2306 1717 2341 lucis
1745 2333 1753 2341 .
1782 2332 1790 2341 .
1819 2333 1826 2340 .

1112 2363 1275 2399 ministri
1327 2364 1408 2399 eius
1460 2363 1735 2409 transfigurant
1786 2374 1826 2400 sc

1113 2422 1212 2457 sicut
1250 2422 1384 2466 (velut)
1423 2422 1621 2457 ministros
1657 2422 1827 2457 iustitiae

1112 2479 1147 2514 II
1174 2480 1251 2523 157,
1279 2481 1333 2515 17.
1359 2479 1414 2514 21.
1439 2480 1494 2516 23.
1521 2480 1569 2515 al.

1065 2537 1366 2582 transfiguratio:
1395 2537 1472 2573 ista
1497 2541 1630 2573 nostra
1656 2537 1694 2572 in
1722 2537 1826 2572 illum

1112 2599 1156 2629 tr.
1184 2598 1243 2630 est
1269 2595 1323 2630 III
1350 2595 1428 2639 181,
1454 2595 1490 2638 63
1518 2596 1565 2638 cs.
1594 2596 1671 2640 183,
1697 2596 1730 2631 3.

314 2656 502 2691 turatoria
537 2659 606 2691 aut
641 2655 833 2699 torculari,
870 2655 916 2691 de
955 2665 1030 2700 qua
1064 2655 1352 2692 transformatio
1380 2655 1540 2700 111327,
1568 2655 1624 2690 20.

314 2715 493 2750 daemoni
528 2714 698 2749 oblatum
734 2718 791 2749 est
828 2713 862 2747 ΙΙ
898 2714 974 2758 126,
1009 2715 1028 2748 4
1064 2714 1320 2759 transgressio
1356 2713 1551 2758 praecepti
1589 2712 1641 2747 IV
1675 2711 1755 2756 332,
1792 2711 1824 2746 8.

314 2772 470 2816 (Faba).

268 2835 386 2865 totus:
410 2830 569 2865 Romam
595 2834 676 2865 toto
703 2831 760 2873 (Ξ
776 2829 896 2874 omni)
922 2829 1029 2865 anni-

1110 2771 1194 2807 *lex
1229 2770 1546 2816 transgressionis
1581 2769 1708 2816 gratia
1741 2778 1824 2814 pro-

1110 2829 1238 2874 posita
1264 2832 1322 2864 est
1348 2829 1401 2863 III
1427 2828 1506 2873 681,
1534 2827 1588 2862 12.
