2078 3054
878 117 1021 155 Index
1045 116 1090 153 V.

258 233 397 269 fessam
439 244 522 269 esse
563 233 701 269 litteris
742 233 888 268 Probae
930 237 967 267 et

256 291 427 327 Iulianae
464 291 603 326 certior
638 291 763 325 factus
798 291 841 325 A.
877 301 967 336 gau-

256 349 320 383 dio
384 349 562 384 exultans
627 348 844 393 gratulatus
908 351 966 383 est

255 417 314 451 ep.
350 407 412 441 150
447 412 483 442 et
517 406 722 441 velationis
754 406 966 450 apophore-

257 470 335 499 tum
376 464 595 509 gratissime
636 465 684 499 ab
723 464 778 499 eis
816 463 967 508 accepit

257 521 310 555 111
336 522 416 566 382,
443 523 473 557 8.

210 579 532 625 l'robianus,
564 579 770 624 proconsul
801 579 964 622 Africae,

257 637 382 671 iussus
411 642 479 681 est,
509 641 549 672 ut
578 637 795 682 Ingentium
825 637 873 672 ad
905 646 965 671 co—

254 695 430 730 mitatum
484 694 728 738 imperatoris
778 694 964 730 Constan-

255 753 324 787 tini
355 753 523 788 mitteret
555 752 587 786 II
617 753 696 797 410,
725 752 756 787 2.
786 752 840 787 23.

211 809 236 843 l'
252 821 267 843 1·
283 821 304 844 0
320 820 510 845 cessus
551 810 756 854 episcopus
798 810 836 844 in
878 820 964 844 con-

254 868 341 902 cilio
369 868 590 903 Milevitano
618 867 741 902 adfuit
771 867 824 901 ΙΙΙ
838 868 917 911 664,
935 868 963 902 1.

208 928 574 964 l'roculianus
609 929 899 972 (Proculeianus
930 927 962 962 11

256 987 307 1023 18.
334 988 384 1030 4),
414 986 702 1021 Donatistarum
729 996 796 1030 per
823 986 963 1021 multos

253 1055 375 1079 annos
412 1045 618 1088 episcopus
655 1044 690 1078 II
727 1044 781 1088 25,
817 1044 872 1078 25.
908 1043 964 1088 26,

253 1102 308 1145 20,
359 1102 395 1136 in
445 1102 600 1147 regione
650 1100 964 1146 Hipponiensium

253 1159 458 1204 Regiorum
489 1159 523 1193 ΙΙ
552 1160 630 1203 407,
661 1160 691 1194 2.
721 1159 799 1203 412,
827 1159 885 1194 25;
915 1159 961 1200 cf.

252 1218 306 1261 30,
351 1218 402 1252 13.
442 1218 522 1261 342,
561 1218 591 1251 8.
633 1217 751 1252 frater
791 1217 961 1252 Evodius

253 1276 294 1310 A.
351 1275 535 1310 indicavit
591 1275 859 1310 Proculianum
915 1274 961 1309 de

252 1333 464 1368 hereditate
527 1333 668 1368 Christi
731 1343 814 1368 cum
878 1333 961 1376 ipso

252 1391 544 1435 conloquentem
589 1391 733 1425 dixisse
779 1391 876 1425 velle
922 1402 959 1424 se

252 1449 360 1483 bonis
393 1449 486 1483 viris
522 1449 743 1483 sedentibus
779 1459 862 1483 cum
898 1448 960 1482 illo

252 1507 424 1542 conferre
457 1506 490 1540 11
521 1507 573 1549 19,
604 1507 635 1540 6.
663 1516 738 1551 qua
768 1516 807 1541 re
839 1506 881 1540 A.
912 1506 960 1540 ad

251 1575 334 1598 eum
397 1564 499 1598 misit
559 1574 617 1607 ep.
655 1564 698 1598 33
760 1564 961 1598 declarans

251 1632 389 1666 magno
422 1632 505 1656 cum
537 1621 679 1666 gaudio
712 1632 750 1656 se
782 1632 865 1656 esse
896 1631 961 1664 pa-

252 1684 374 1713 ratum
418 1679 547 1714 oblata
587 1679 789 1713 occasione
831 1679 885 1713 uti
927 1679 958 1712 ΙΙ

253 1737 305 1780 19,
342 1738 395 1771 11.
431 1737 486 1780 20,
519 1737 574 1770 24.
609 1737 664 1780 22,
699 1737 754 1770 25.
789 1736 962 1781 idemque

251 1794 287 1828 in
322 1804 380 1838 ep.
413 1795 457 1828 34
492 1794 646 1829 iteravit
680 1794 714 1828 11
747 1795 802 1837 26,
834 1794 959 1837 4—27,

252 1852 304 1886 10.
339 1852 388 1887 ad
422 1862 535 1897 quam
571 1863 659 1895 rem,
695 1852 796 1896 quod
831 1856 960 1895 postu-

250 1909 411 1953 labatur,
462 1914 503 1945 ut
555 1909 847 1944 Constantinam
898 1909 958 1943 vel

252 1967 402 2001 Mileum
456 1967 538 2011 iret,
593 1967 743 2002 rennuit
797 1972 835 2002 et
888 1967 958 2001 sibi

250 2030 368 2059 totam
414 2025 523 2059 huius
567 2025 804 2069 quaestionis
847 2025 959 2059 ratio-

251 2093 333 2116 nem
384 2083 546 2117 maxime
597 2093 680 2116 cum
731 2082 959 2117 Proculiano

249 2150 332 2174 esse
368 2140 465 2174 «lixit
504 2139 537 2173 ΙΙ
574 2140 628 2184 26,
665 2141 695 2174 9.
732 2150 815 2174 cum
853 2139 958 2174 audi-

250 2197 369 2232 visset
418 2197 688 2232 Proculianum
739 2208 822 2232 esse
873 2207 959 2232 con-

249 2260 437 2299 questum,
496 2255 599 2300 quod
657 2255 827 2290 Evodius
888 2254 958 2289 sibi

249 2312 522 2347 contumeliose
554 2313 830 2356 respondisset,
862 2313 957 2347 hanc

250 2370 480 2405 simultatem
532 2370 680 2405 studuit
729 2370 874 2405 diluere
924 2369 957 2403 Il

252 2428 303 2461 19.
342 2427 489 2470 19-20,
527 2427 582 2462 23.
620 2427 769 2462 iuvenis
807 2427 959 2471 quidam

249 2484 457 2519 sceleratus
505 2495 588 2519 cum
637 2485 684 2519 ad
733 2484 958 2519 Donatistas

249 2542 461 2577 transisset.
491 2553 512 2576 a
545 2542 772 2576 Proculiano
805 2551 958 2585 suscep-

248 2604 309 2632 tus
342 2605 397 2633 est
432 2604 469 2634 et
499 2599 770 2642 rebaptizatus,
804 2600 850 2634 de
883 2609 958 2643 qua

250 2667 288 2690 re
320 2656 361 2690 A.
394 2656 441 2690 ad
476 2656 692 2699 Eusebium,
723 2657 786 2701 qui
820 2657 957 2691 Procu-

250 2713 390 2748 lianum
419 2713 601 2758 diligebat
630 2713 663 2747 II
690 2714 744 2758 28,
773 2714 825 2758 10,
850 2714 957 2749 dedit

250 2781 335 2814 epp.
361 2772 403 2805 34
433 2776 467 2805 et
494 2772 548 2806 35.
574 2776 611 2805 ut
640 2781 706 2815 per
732 2771 830 2806 hunc
855 2771 977 2820 illam}

1680 105 1764 149 303

1053 242 1207 268 causam
1236 239 1368 279 ageret
1397 233 1432 268 II
1460 234 1515 280 25,
1543 235 1601 279 203
1631 236 1677 277 ct.
1706 235 1761 280 31,

1051 291 1083 325 4.
1119 301 1206 326 uam
1244 291 1495 327 Proculianus
1533 293 1576 328 A.
1612 293 1761 329 litteras

1053 358 1129 382 non
1166 348 1320 384 volebat
1358 350 1532 394 accipere
1570 351 1603 385 II
1641 351 1695 395 28,
1732 352 1763 386 7.

1051 415 1280 451 quamquam
1315 408 1418 451 apud
1454 407 1671 452 Hipponem
1707 409 1762 443 di-

1051 462 1208 498 cebatur
1256 475 1331 499 non
1378 465 1449 499 hoc
1497 465 1763 500 Proculianum

1050 521 1267 565 mandasse,
1314 522 1417 567 quod
1465 522 1658 566 publicum
1708 533 1762 558 re-

1051 578 1245 613 nuntiavit
1276 579 1443 614 oflicium
1475 579 1510 614 II
1540 580 1595 624 25,
1629 581 1684 624 173
1713 581 1760 622 cf.

1049 636 1104 679 30,
1130 636 1184 671 25.
1211 637 1271 671 cui
1296 637 1419 672 famae
1446 648 1534 673 num
1559 638 1651 682 quid
1678 639 1759 673 veri

1051 693 1235 738 subesset,
1271 694 1313 729 A.
1348 694 1471 730 voluit
1505 696 1601 730 scire
1637 696 1670 729 II
1705 696 1760 740 25,

1049 750 1103 785 23.
1149 751 1202 795 27,
1248 752 1302 787 23.
1347 752 1446 787 idem
1490 753 1759 788 Proculianum

1049 818 1117 851 per
1167 809 1371 845 Eusebium
1422 811 1658 855 hortabatur,
1719 816 1760 846 ut

1049 866 1227 911 Primum,
1262 868 1538 903 subdiaconum
1575 868 1760 912 Spanien-

1050 924 1101 958 sis
1127 925 1324 969 ecclesiae,
1351 925 1496 961 iuberet
1519 937 1543 961 a
1567 937 1637 961 sua
1661 937 1760 961 com-

1050 982 1228 1017 munione
1270 984 1459 1018 removeri
1500 983 1534 1017 II
1575 984 1629 1028 28,
1671 984 1760 1019 16-—

1047 1039 1102 1083 29,
1137 1039 1168 1074 8.
1201 1039 1452 1076 Proculianus
1484 1041 1530 1077 de
1564 1041 1758 1077 Restituto

1050 1098 1274 1142 presbytero
1314 1099 1530 1134 immaniter
1570 1110 1682 1134 caeso
1722 1104 1758 1135 et

1051 1154 1087 1188 in
1132 1156 1360 1199 captivitate
1406 1161 1555 1192 retento
1600 1158 1758 1192 munici-

1049 1212 1198 1256 palibus
1222 1214 1342 1258 gestis
1366 1215 1413 1249 ab
1435 1215 1478 1249 A.
1504 1215 1619 1250 semel
1643 1221 1757 1260 atque

1048 1270 1183 1305 iterum
1221 1278 1435 1307 conventus
1474 1273 1566 1307 nihil
1605 1283 1644 1308 se
1681 1273 1758 1307 dic-

1047 1333 1172 1363 turum
1210 1329 1374 1372 amplius
1411 1330 1532 1374 gestis
1567 1331 1756 1374 expressit

1048 1386 1080 1419 ll
1114 1386 1192 1431 412,
1225 1387 1279 1421 25.
1311 1388 1389 1431 413,
1424 1388 1478 1422 11;
1512 1389 1558 1429 cf.
1592 1389 1670 1431 597,
1704 1388 1756 1423 12.

1046 1453 1168 1486 paene
1228 1450 1386 1488 propter
1447 1445 1542 1480 lianc
1602 1456 1756 1481 causam

1048 1501 1299 1536 l’roculianus
1356 1503 1426 1537 sibi
1481 1503 1754 1539 exhibitionem

1047 1559 1145 1594 vidit
1187 1559 1382 1595 imminere
1424 1560 1456 1594 ΙΙ
1498 1562 1576 1604 597.
1619 1562 1670 1596 16.
1709 1561 1756 1596 de

1046 1617 1156 1660 lapsu
1188 1617 1349 1652 duorum
1383 1618 1631 1654 diaconorum
1666 1630 1757 1654 non-

1046 1674 1138 1708 nulli
1174 1675 1352 1709 catholici
1385 1675 1670 1720 Hipponienses
1702 1677 1757 1711 di-

1046 1732 1230 1775 sciplinae
1281 1733 1500 1768 Proculiani
1549 1735 1756 1770 insultave-

1046 1794 1135 1823 runt
1172 1790 1204 1823 II
1239 1791 1318 1835 342,
1355 1791 1386 1826 8.
1421 1802 1498 1835 qua
1532 1792 1680 1827 ratlene
1718 1791 1754 1826 in

1045 1857 1103 1890 ep.
1137 1848 1181 1882 33
1218 1848 1478 1884 honorabilem
1515 1854 1551 1884 et
1589 1849 1756 1885 dilectis·

1046 1904 1180 1939 simum
1204 1906 1368 1941 dixisset
1388 1906 1670 1952 Proculianum,
1693 1918 1751 1942 ex-

1046 1963 1154 2005 ponit
1185 1963 1227 1997 A.
1258 1963 1292 1997 ΙΙ
1325 1964 1376 2008 18,
1408 1963 1439 1998 6.

1000 2019 1026 2052 P
1042 2030 1094 2054 ro
1111 2030 1127 2052 c
1145 2020 1192 2054 ul
1210 2032 1230 2054 u
1249 2033 1263 2054 s
1292 2022 1497 2065 episcopus
1526 2024 1562 2058 in
1592 2022 1754 2057 concilio

1044 2078 1339 2121 Carthaginensi
1370 2079 1492 2114 adfuit
1529 2080 1578 2113 111
1613 2081 1689 2122 653,
1722 2081 1753 2115 3.

999 2133 1026 2167 P
1042 2145 1058 2168 r
1073 2144 1094 2168 o
1110 2145 1127 2169 c
1145 2135 1192 2169 ul
1210 2146 1264 2170 us
1302 2136 1520 2182 episcopus,
1555 2138 1602 2172 ad
1642 2148 1752 2182 quem

1044 2192 1135 2227 data
1164 2201 1221 2228 est
1251 2203 1309 2237 ep.
1339 2195 1415 2228 219.

1000 2253 1296 2290 Profuturo
1327 2255 1434 2289 fratri
1463 2266 1522 2299 ep.
1551 2256 1595 2290 28
1623 2255 1754 2291 Hiero-

1044 2322 1158 2356 nymo
1196 2312 1432 2348 reddendam
1472 2313 1515 2348 Α.
1553 2313 1661 2348 dedit
1700 2313 1754 2357 ip-

1044 2379 1202 2414 sumque
1225 2370 1521 2414 commendavit,
1541 2381 1652 2416 quem
1674 2371 1753 2405 suis

1043 2427 1255 2471 conatibus,
1275 2428 1414 2463 deinde
1435 2429 1626 2463 adiutorio
1651 2428 1753 2463 illius

1043 2495 1131 2519 vere
1194 2485 1434 2528 profuturum
1497 2487 1677 2528 sperabat
1738 2484 1752 2519 I

1046 2542 1120 2579 104.
1162 2543 1218 2576 12;
1259 2543 1304 2583 cl.
1344 2542 1379 2576 ΙΙ
1418 2543 1496 2586 255,
1538 2544 1589 2577 12.
1629 2553 1751 2588 neque

1043 2610 1134 2633 vero
1165 2599 1392 2634 Profuturus
1421 2600 1517 2635 hanc
1547 2600 1751 2644 epistulam

1042 2657 1091 2691 ad
1120 2656 1392 2701 Hieronymum
1422 2657 1588 2701 perferre
1613 2658 1751 2702 potuit,

1042 2715 1132 2759 quia
1178 2715 1372 2759 continuo,
1421 2715 1510 2750 dum
1560 2715 1750 2759 proficisci

1043 2778 1165 2814 parat,
1217 2772 1463 2816 episcopatus
1504 2773 1652 2807 sarcina
1693 2778 1749 2808 est
