2078 3054
278 203 362 242 248
950 216 1091 250 lndcx
1124 217 1164 251 V.

279 328 618 371 Lampadium
681 327 906 372 quaestione.
969 326 1038 362 fati

321 396 365 418 ac
402 385 577 419 fortunae
612 395 688 419 non
721 385 858 420 leviter
892 383 1038 419 moveri

1121 328 1277 372 spiritu>-
1316 335 1471 365 sanctus
1512 331 1561 365 111
1598 332 1678 374 (550,
1721 333 1751 375 13
1790 333 1835 374 cf.

1119 386 1199 430 623,
1226 388 1258 420 6.

321 453 404 475 ⁰¹¹¹¹¹
439 442 482 475 Λ·
516 446 552 476 et
584 452 766 486 psaesens
798 441 1038 476 animadve*
1073 453 1425 501 Laurentius,
1476 457 1698 501 provinciae
1747 458 1835 493 Cae-

322 498 432 533 tisset
482 502 521 533 et
572 499 653 533 eius
704 499 843 534 litteris
896 509 1037 544 cogno-

320 556 452 600 visset,
480 556 585 591 dedit
613 556 662 591 ad
690 567 773 591 eum
801 567 858 601 ep.
887 556 965 592 246.

275 613 387 648 Lam
404 614 492 659 piu
508 624 524 649 s
548 614 650 659 apud
676 614 915 650 Barcilonem
940 614 1037 650 Pau-

320 672 436 706 linum
464 672 634 708 sacravit
659 672 674 707 I
699 672 755 717 76,
783 672 837 707 14.

276 729 541 765 Lanarius
584 740 619 764 v.
662 730 903 775 Calpurnius.

273 786 619 823 Laodicenus
659 798 694 823 v.
731 788 977 833 Apollinaris.

272 845 461 890 lapilli
491 846 848 881 mathematicorum
877 846 929 881 IV
956 846 1037 891 585,

321 903 374 938 10.

275 960 495 1006 Largus,
545 972 655 1006 quem
704 962 900 997 dominum
949 962 1037 997 insi-

317 1029 430 1063 gnem
485 1022 524 1054 et
578 1019 950 1064 praestantissimum
992 1021 1037 1055 A.

318 1077 488 1122 appellat
544 1081 582 1113 et
637 1078 869 1113 eximietatis
925 1078 1036 1113 titulo

319 1135 482 1170 honorat
527 1135 580 1170 IV
623 1136 704 1180 315,
750 1136 805 1172 13.
851 1136 905 1180 15,
951 1146 1037 1171 cum

319 1192 523 1237 epistulam
563 1193 611 1228 ab
651 1204 695 1230 eo
736 1204 776 1229 se
813 1194 1037 1230 desiderare

319 1250 550 1296 scripsisset,
586 1251 628 1287 A.
662 1252 734 1288 hoc
767 1251 895 1288 officio
930 1251 1035 1288 func-

319 1314 380 1344 tus
412 1315 469 1345 est
499 1320 558 1353 ep.
588 1310 667 1345 203.

272 1371 458 1407 Latini
495 1372 530 1407 II
564 1373 646 1417 318,
683 1373 737 1408 12.
775 1373 827 1407 III
862 1374 943 1417 344,
981 1372 1036 1407 15.

318 1430 479 1467 Latinae
510 1430 565 1465 III
596 1431 672 1476 143,
700 1432 721 1466 4
750 1431 932 1475 (lavem).
961 1430 1035 1465 Ro-

318 1499 455 1525 manae
498 1490 650 1525 animae
692 1489 754 1525 vel
795 1489 957 1524 Latinae
999 1488 1035 1523 11

318 1547 398 1594 552,
421 1548 453 1583 4.
478 1547 639 1583 Latinae
663 1547 819 1593 linguae
843 1547 975 1592 inopia
996 1546 1035 1582 in

317 1605 643 1651 Hipponiensibus
674 1605 895 1651 regionibus
923 1615 1039 1641 evan-

317 1663 443 1709 gelica
473 1663 712 1708 dispensatio
744 1663 904 1698 multum
934 1663 1038 1698 labo-

319 1721 430 1756 rabat
454 1721 488 1756 11
512 1722 592 1766 393,
618 1722 650 1757 9.
675 1721 899 1766 Hieronymi
923 1721 1052 1769 inter-¹

319 1779 575 1824 pretationem
615 1780 662 1815 de
704 1779 953 1824 septuaginta
992 1779 1036 1814 A.

319 1837 575 1882 desiderabat,
606 1841 649 1873 ut
676 1840 786 1873 tanta
815 1837 1038 1872 Latinorum

320 1895 569 1940 interpretum
608 1895 784 1941 inperitia
821 1900 969 1932 careret
1003 1896 1039 1932 II

318 1954 399 1997 386,
425 1953 483 1997 113
508 1953 674 1989 malebat
700 1955 774 1989 iam
799 1954 837 1989 in
860 1954 1038 1990 omnibus

320 2011 467 2046 Latinis
504 2010 743 2046 cucurbitam
778 2012 853 2057 legi
888 2012 923 2047 II
958 2013 1039 2057 387,

320 2069 351 2103 2.
382 2078 416 2103 v.
442 2068 616 2104 Graecia.

273 2132 502 2167 Latium:
556 2137 597 2168 ut
647 2133 893 2169 dimittantur
943 2137 1037 2168 tem-

321 2201 415 2235 pora
451 2194 539 2226 ante
575 2189 727 2225 Latium
762 2194 964 2236 regnatum
1001 2194 1039 2228 et

320 2248 367 2282 ab
402 2248 484 2293 ipso
520 2248 630 2284 Latio
666 2249 775 2293 quasi
810 2247 1038 2294 principium

320 2307 474 2341 humani
535 2306 697 2342 nominis
758 2310 942 2352 sumatur,
1001 2306 1039 2342 in

321 2364 404 2408 ipso
434 2364 545 2399 Latio
574 2369 664 2400 ante
695 2365 831 2400 Albam
859 2365 913 2400 dii
942 2365 1035 2400 culti

321 2425 411 2457 sunt
440 2422 471 2456 ΙΙ
499 2422 579 2466 551,
608 2423 641 2458 9.

274 2480 469 2514 latria:
497 2480 662 2515 creatori
687 2480 752 2515 uni
777 2480 937 2517 debetur
962 2491 1038 2516 ser-

321 2537 424 2572 vitus
466 2537 663 2583 religionis
705 2538 779 2582 illa,
822 2549 919 2583 quae
961 2549 1054 2573 uno¹

322 2596 473 2631 nomine
512 2596 670 2645 λατρεία
701 2595 848 2632 Graece
871 2595 1039 2646 appella-

322 2657 383 2688 tur
416 2653 451 2687 II
483 2654 563 2698 561,
596 2654 656 2698 203
689 2654 736 2695 cf.
770 2653 824 2688 III
857 2654 937 2698 623,
969 2655 1039 2690 3·—

321 2711 400 2755 624,
435 2711 468 2746 9.
503 2712 582 2756 626,
616 2712 649 2746 6.
684 2712 763 2756 649,
799 2712 971 2756 10—650,
1007 2711 1038 2746 2.

323 2779 420 2805 unus
456 2770 550 2804 deus
587 2769 691 2805 solus
726 2772 796 2814 est,
831 2769 893 2805 cui
927 2769 1040 2804 latria

324 2826 538 2861 exhibenda
568 2831 637 2871 est,
665 2830 704 2861 et
733 2838 830 2862 unus
862 2828 943 2862 sine
973 2827 1039 2863 du-

324 2883 385 2919 bio
422 2884 515 2920 deus
554 2888 612 2919 est
648 2888 756 2929 pater
792 2888 832 2921 et
866 2885 965 2920 filius
1002 2888 1039 2920 et

1120 513 1303 548 sariensis
1377 515 1595 559 episcopus,
1669 516 1834 551 clamare

1119 571 1246 613 potuit
1304 577 1370 607 aut
1429 572 1467 607 in
1522 573 1719 618 cathedra,
1774 574 1834 609 cui

1120 628 1320 664 ordinatus
1363 635 1476 674 esset,
1519 631 1651 666 sedere
1694 642 1734 667 se
1775 632 1838 667 ‹lc-

1119 685 1248 722 buisse
1284 691 1353 722 aut
1386 688 1609 733 episcopum
1643 700 1727 725 esse
1762 701 1837 725 non

1119 743 1299 780 debuisse
1332 745 1383 779 IV
1414 745 1494 789 351,
1529 746 1583 781 17.

1074 812 1102 846 L
1116 823 1140 847 a
1154 824 1172 847 z
1188 823 1211 848 a
1225 825 1242 848 r
1256 824 1280 848 u
1296 824 1312 849 s
1332 825 1339 848 :
1377 818 1503 849 utrum
1540 815 1681 850 Christi
1717 827 1839 852 resur-

1119 871 1240 906 rectio
1270 882 1320 906 an
1351 871 1485 907 Lazari
1516 873 1725 908 conveniat
1755 885 1838 919 pro-

1119 929 1261 965 missae
1293 930 1565 966 resu’trectioni
1600 931 1635 965 II
1668 931 1748 975 545,
1784 932 1838 966 17.

1119 997 1286 1031 quonam
1310 987 1423 1023 modo
1449 988 1694 1034 intellegatur
1721 989 1838 1025 Abra-

1120 1045 1219 1088 ham,
1248 1045 1286 1080 in
1314 1045 1423 1081 cuius
1453 1046 1577 1081 sinum
1604 1046 1719 1082 etiam
1748 1057 1839 1091 pau-

1120 1113 1187 1146 per
1214 1102 1276 1138 ille
1304 1107 1507 1148 susceptus
1535 1108 1605 1149 est,
1634 1105 1672 1140 in
1700 1105 1838 1140 inferni

1121 1160 1240 1196 fuisse
1271 1161 1479 1205 doloribus,
1510 1172 1549 1197 se
1580 1162 1733 1207 quidem
1762 1173 1839 1198 non

1119 1218 1252 1254 videre
1303 1219 1397 1254 dicit
1446 1219 1503 1263 A.,
1554 1220 1658 1255 solos
1710 1224 1838 1256 autem

1120 1275 1230 1320 duos,
1263 1276 1302 1311 id
1334 1280 1394 1312 est
1424 1277 1619 1312 Abraham
1652 1281 1690 1313 et
1722 1278 1839 1313 Laza-

1121 1344 1203 1368 rum
1239 1334 1278 1368 in
1313 1334 1376 1369 illo
1413 1335 1552 1379 quietis
1589 1336 1674 1370 sinu
1710 1336 1840 1380 fuisse,

1119 1394 1328 1437 antequam
1374 1392 1554 1428 dominus
1601 1393 1639 1428 in
1686 1393 1837 1430 inferna

1119 1449 1383 1496 descenderet,
1407 1450 1531 1486 videri
1554 1450 1762 1487 absurdum
1785 1452 1839 1486 Ill

1119 1507 1200 1553 526,
1226 1508 1282 1543 20.

1073 1564 1103 1600 L
1116 1576 1141 1601 a
1154 1576 1173 1600 z
1187 1577 1212 1601 a
1224 1577 1242 1601 r
1255 1576 1280 1601 u
1296 1576 1313 1602 s
1344 1566 1549 1612 episcopus
1583 1578 1617 1602 v.
1651 1568 1785 1603 Heros.

1072 1638 1102 1673 L
1116 1649 1141 1674 a
1154 1651 1172 1674 z
1188 1650 1212 1674 a
1224 1650 1241 1674 r
1256 1651 1280 1675 u
1295 1650 1312 1675 s
1348 1640 1548 1686 presbyter
1583 1641 1718 1686 adfuit,
1753 1652 1839 1677 cum

1120 1696 1166 1731 A.
1204 1708 1466 1734 successorem
1504 1698 1575 1734 sibi
1610 1698 1839 1745 designabat

1121 1754 1175 1790 IV
1211 1756 1292 1800 373,
1328 1757 1362 1792 3.
1401 1756 1524 1791 eidem
1563 1760 1630 1792 aut
1668 1757 1838 1792 eiusdem

1120 1813 1285 1849 nominis
1310 1813 1535 1859 presbytero
1559 1814 1699 1849 Darius
1724 1814 1839 1850 medi-

1121 1874 1300 1906 camenta
1338 1872 1527 1917 quaedam
1568 1872 1617 1907 ad
1658 1872 1839 1918 Augusti-

1121 1940 1211 1964 num
1236 1929 1447 1966 deferenda
1471 1930 1578 1966 dedit
1602 1930 1654 1965 IV
1676 1930 1758 1975 503,
1784 1930 1838 1965 19.

1074 1997 1121 2033 le
1135 2008 1155 2032 c
1171 2001 1223 2033 to
1238 2009 1255 2032 r
1273 2009 1280 2032 ε
1304 1998 1349 2033 A.
1370 1998 1500 2034 mirari
1522 2009 1563 2034 se
1584 1998 1690 2042 dicit,
1712 2002 1838 2033 utrum

1121 2055 1196 2090 iam
1233 2055 1357 2100 possit
1391 2056 1513 2091 lector
1549 2056 1738 2101 deputari,
1774 2056 1839 2101 qui

1121 2123 1199 2148 non
1228 2113 1301 2148 nisi
1333 2114 1450 2149 semel
1482 2113 1692 2158 scripturas
1724 2113 1838 2149 etiam

1121 2181 1198 2206 non
1239 2171 1445 2207 canonicas
1486 2172 1662 2216 quamvis
1702 2171 1741 2206 in
1780 2182 1838 2206 ec-

1121 2228 1238 2264 clesia
1287 2229 1424 2274 legerit
1475 2229 1510 2263 II
1559 2229 1639 2273 231,
1688 2229 1838 2264 20—25.

1121 2286 1246 2330 h0m0,
1271 2287 1336 2331 qui
1361 2286 1399 2321 in
1423 2286 1588 2322 ecclesia
1610 2286 1741 2331 aliqua
1764 2287 1837 2322 iam

1121 2343 1248 2390 legere
1271 2348 1453 2389 coeperat
1474 2347 1512 2380 et
1532 2355 1610 2380 non
1627 2343 1749 2394 ¹semel
1771 2345 1837 2380 sed

1121 2401 1257 2436 iterum
1307 2405 1345 2437 et
1393 2402 1507 2437 tertio
1555 2402 1714 2447 legerat,
1761 2412 1838 2437 non

1121 2459 1240 2495 fuisse
1270 2459 1391 2495 lector
1419 2470 1496 2494 non
1524 2463 1654 2504 potest
1680 2462 1748 2495 aut
1775 2460 1838 2495 dc-

1121 2517 1186 2552 bet
1212 2517 1374 2553 iudicari
1400 2517 1436 2552 II
1461 2517 1540 2561 228,
1567 2517 1609 2552 21
1638 2528 1761 2562 neque
1790 2517 1837 2552 al»

1120 2574 1198 2609 alia
1225 2575 1388 2610 ecclesia
1417 2575 1571 2610 retineri
1600 2575 1679 2614 227.
1708 2575 1763 2609 22.

1074 2642 1286 2688 legere:
1327 2643 1532 2678 multitudo
1573 2654 1658 2679 cum
1700 2643 1739 2678 in
1779 2654 1837 2678 ec-

1121 2701 1240 2736 clesia
1285 2701 1430 2745 aderat,
1477 2700 1678 2747 legebatur
1726 2701 1836 2736 alter-

1121 2758 1240 2793 natim
1274 2762 1312 2794 et
1346 2758 1582 2804 psallebatur
1614 2759 1631 2794 I
1667 2759 1744 2804 121,
1778 2759 1835 2802 173

1122 2816 1168 2857 cs.
1198 2816 1276 2861 121,
1305 2816 1359 2851 12.
1388 2816 1466 2851 122.
1496 2816 1550 2851 11.

1074 2883 1244 2930 Leges
1271 2884 1361 2920 urbs
1386 2884 1439 2920 IV
1463 2885 1542 2930 655,
1569 2885 1602 2920 8.
