2078 3054
301 156 386 201 336

348 286 448 330 fidei,
472 288 514 320 ut
537 286 641 319 recte
665 282 865 318 credamus
889 280 927 314 in
951 279 1063 314 deum

348 349 386 379 et
420 341 621 387 evangelio
657 338 954 382 consentiamus,
987 346 1065 371 non

349 411 432 437 esse
467 401 608 436 donum
642 398 715 442 dei,
749 397 816 432 sed
849 396 920 431 hoc
955 393 1064 430 nobis

349 469 432 494 esse
461 469 483 493 a
509 456 631 499 nobis,
658 459 700 491 ut
727 454 881 490 credere
909 433 1082 497 incipia-¹

350 526 444 560 mus,
470 515 507 550 id
532 518 591 550 est
614 524 662 549 ex
686 511 841 558 propria
862 511 1064 546 voluntate

349 574 401 608 IV
434 573 514 618 403,
550 573 604 607 13.
638 570 717 615 424,
751 570 784 605 9.
818 568 1064 613 Pelagianam

349 632 446 666 hanc
488 640 572 666 esse
613 628 841 664 sententiam
881 626 979 661 vidit
1022 625 1064 659 A.

350 688 402 723 IV
424 688 503 732 406,
526 687 557 731 1,
579 697 693 731 quam
717 689 758 720 ut
780 684 983 725 refelleret,
1006 693 1063 728 ep.

349 746 416 781 217
453 745 501 781 ad
538 744 704 779 Vitalem
740 742 857 778 dedit.
896 745 1065 777 ceterum

349 804 392 838 A.
421 803 656 838 haereticum
684 800 932 846 Pelagianum
959 799 1065 833 Vita-

349 861 421 896 lem
456 870 539 896 esse
573 870 651 895 non
684 858 876 894 credebat.
912 857 978 891 sed
1014 856 1067 891 ita

350 929 435 953 eum
463 928 548 953 esse
576 916 743 959 nolebat,
772 919 815 950 ut
843 915 935 949 nihil
966 914 1065 948 illius

350 976 399 1011 ad
424 987 508 1011 eum
532 975 713 1010 transiret
738 973 800 1008 vel
824 973 861 1007 in
886 983 930 1007 eo
955 971 1065 1006 relin-

350 1037 530 1079 queretur
554 1032 693 1068 erroris
719 1031 770 1066 IV
794 1031 873 1074 421,
898 1031 951 1065 18.
978 1040 1065 1065 con-

351 1096 409 1126 tra
437 1091 664 1136 Pelagianos
695 1089 977 1125 conflictionem
1003 1087 1066 1122 Vi-

350 1149 417 1184 tali
449 1148 594 1193 sibique
627 1158 711 1183 esse
743 1156 982 1182 communem
1015 1144 1066 1179 lV

350 1207 429 1252 424,
456 1207 489 1241 5.

303 1264 660 1307 Volusianus,
705 1263 764 1297 vir
813 1261 982 1297 inlustris
1029 1263 1066 1296 et

350 1322 485 1358 merito
519 1322 679 1367 insignis
714 1325 751 1356 et
785 1319 1067 1366 praestantissi-

351 1390 434 1415 mus
464 1380 517 1414 III
547 1379 603 1423 79,
633 1380 665 1414 8.
696 1379 751 1423 93,
781 1379 813 1413 4.
842 1378 898 1422 94,
929 1377 981 1412 15.
1010 1377 1067 1420 96,

352 1437 406 1473 12.
434 1437 512 1482 125,
541 1437 595 1472 12.
624 1436 703 1481 126,
729 1437 762 1481 5,
789 1435 958 1471 nondum
986 1438 1068 1470 erat

352 1495 590 1531 Christianus
618 1494 671 1529 III
699 1494 755 1538 92,
783 1494 816 1529 8.
843 1494 900 1538 93,
930 1493 983 1528 15.
1010 1493 1068 1536 97,

350 1554 382 1588 7.
417 1554 470 1588 13.
503 1552 745 1588 Marcellinus
777 1562 863 1587 eum
896 1561 940 1586 eo
974 1550 1067 1585 coti—

350 1611 502 1646 dianam
547 1610 711 1645 habebat
756 1608 1068 1654 disputationem,

351 1669 491 1714 quippe
541 1679 626 1704 cum
675 1668 807 1703 matris
856 1667 937 1703 eius
986 1676 1068 1711 pre-

352 1727 503 1762 catione
532 1726 752 1771 compulsus
781 1736 866 1760 eum
894 1725 1068 1769 frequen-

351 1785 427 1820 tius
460 1784 647 1820 salutaret
679 1787 715 1819 et
748 1782 796 1818 ab
829 1782 892 1819 illo
926 1781 1067 1817 resalu-

351 1846 497 1878 taretur
527 1842 580 1877 III
611 1842 668 1887 93,
699 1843 754 1877 10.
785 1840 917 1876 matris
948 1839 1067 1885 ipsius

352 1900 398 1935 de
429 1900 511 1936 eius
544 1899 667 1935 salute
698 1899 801 1934 votis
832 1899 996 1934 fortasse
1029 1908 1068 1933 se

353 1968 429 1993 non
466 1958 636 2003 inparem
673 1967 756 1992 esse
795 1956 988 1992 existimat
1023 1955 1067 1990 Α.

354 2015 405 2050 III
431 2016 487 2060 79,
514 2016 572 2059 10;
598 2015 645 2057 cf.
672 2014 749 2059 125,
777 2015 830 2050 10.
856 2013 985 2058 itaque
1010 2023 1068 2058 ep.

354 2073 420 2109 132
450 2083 535 2108 eum
566 2073 754 2116 hortatur,
785 2075 828 2107 ut
856 2072 1069 2107 litterarum

353 2134 573 2166 sanctarum
600 2130 727 2166 studio
754 2141 839 2166 eum
866 2140 996 2165 curam
1022 2138 1068 2163 ne

354 2189 501 2234 pigeret
531 2188 753 2233 inpendere,
785 2191 823 2223 et
853 2187 885 2223 si
915 2186 1006 2232 quid
1036 2186 1070 2222 ei

352 2249 524 2282 oreretur
540 2245 789 2291 quaestionis,
805 2244 969 2281 scribere
985 2254 1070 2280 eum

355 2303 470 2348 iubet,
498 2307 541 2338 ut
568 2304 649 2348 ipse
679 2302 906 2340 rescriberet
934 2302 988 2337 III
1015 2302 1070 2346 79,

356 2363 409 2397 13.
435 2362 490 2406 80,
515 2361 547 2396 2.
570 2361 806 2396 Volusianus
831 2360 933 2396 haud
958 2370 1070 2396 cunc-

355 2424 458 2454 tatus
498 2419 701 2455 nonnullas
741 2418 987 2463 quaestiones
1025 2417 1070 2452 A.

353 2477 558 2513 solvendas
580 2477 782 2521 proposuit
800 2486 857 2521 ep.
879 2476 956 2520 135,
975 2474 1070 2510 alias

356 2544 422 2579 per
482 2534 742 2569 Marcellinum
803 2532 1071 2578 proponendas

355 2592 506 2627 curavit
535 2592 587 2626 111
615 2592 672 2635 94,
703 2592 761 2635 153
792 2592 836 2626 A.
866 2591 966 2626 enim
995 2589 1071 2635 epi-

357 2649 496 2684 stulam
521 2649 740 2684 Marcellino
766 2649 860 2694 legit
882 2648 936 2683 III
960 2649 1016 2692 93,
1040 2648 1071 2682 4.

357 2710 397 2742 et
418 2707 659 2742 Marcellinus
681 2707 731 2741 ad
752 2707 796 2741 A.
819 2705 975 2750 scripsit
994 2706 1071 2750 (ep.

358 2764 440 2809 136)
463 2763 666 2809 plurimum
690 2762 761 2798 sibi
784 2763 947 2808 plaeere,
970 2761 1072 2808 quod

357 2821 556 2854 Volusiani
585 2832 739 2848 ‹rr-neena
768 2821 1002 2852 nlimmutum
1031 2820 1074 2853 ti-

969 162 1113 199 Index
1140 161 1186 197 V.

1147 285 1326 321 tubantes
1350 289 1519 321 statuere
1543 289 1579 320 et
1603 284 1751 320 firmare
1774 293 1861 319 con-

1147 344 1321 379 tenderet
1350 343 1403 377 111
1432 343 1489 387 93,
1517 344 1550 381 8.
1581 346 1696 387 atque
1725 351 1861 387 rogare

1147 412 1200 445 se,
1229 405 1271 436 ut
1300 401 1348 436 ad
1379 400 1636 445 quaestiones,
1665 410 1760 444 quas
1790 398 1862 434 sibi

1147 459 1245 494 solvi
1283 458 1344 494 ille
1383 458 1671 503 postulavisset,
1707 466 1862 502 respon—

1147 517 1236 552 dere
1260 517 1483 562 dignaretur
1506 515 1558 550 III
1580 516 1637 559 94,
1658 515 1690 551 8.
1713 518 1793 549 tum
1817 514 1862 549 A.

1146 574 1294 609 duabus
1329 573 1539 619 grandibus
1575 573 1749 618 epistulis
1785 573 1863 617 (ep.

1149 633 1215 668 137
1246 636 1285 667 et
1318 631 1399 675 138)
1432 630 1631 676 respondit
1663 630 1784 665 altera
1815 629 1863 665 ad

1147 690 1399 725 Volusianum
1446 689 1567 724 altera
1613 688 1664 723 ad
1709 686 1864 723 Marcel-

1148 748 1265 783 linum
1297 747 1390 783 data
1422 746 1474 781 III
1507 747 1583 790 153,
1614 746 1649 781 5.
1682 745 1785 780 illam
1815 745 1862 780 ad

1148 805 1401 841 Volusianum
1435 804 1565 840 datam
1600 814 1640 839 se
1674 803 1713 838 in
1747 802 1864 838 mani-

1148 863 1218 898 bus
1279 863 1469 908 legentem
1531 861 1710 896 habuisse
1770 860 1865 896 dicit

1149 921 1320 956 Evodius
1357 920 1410 955 III
1444 921 1525 964 507,
1560 920 1596 963 93
1633 919 1679 961 cf.
1715 918 1796 963 517,
1830 919 1864 953 4.

1148 979 1383 1014 Volusianus
1409 978 1585 1013 eximiam
1609 977 1660 1012 de
1682 977 1726 1011 A.
1751 975 1865 1011 habe-

1149 1036 1214 1072 bat
1243 1036 1462 1081 opinionem
1492 1035 1544 1069 III
1573 1035 1629 1078 89,
1660 1035 1693 1069 4.
1722 1033 1779 1078 92,
1809 1033 1864 1068 11.

1148 1095 1205 1139 93,
1236 1095 1289 1129 14.
1320 1094 1357 1128 in
1386 1093 1469 1138 ipso
1499 1092 1683 1128 laudabat
1709 1090 1866 1127 Marcel-

1149 1152 1249 1188 linus
1276 1151 1370 1188 satis
1397 1151 1540 1187 cultum
1567 1153 1865 1194 accuratumque

1150 1220 1363 1246 sermonem
1393 1213 1432 1245 et
1460 1209 1657 1244 Romanae
1689 1207 1867 1252 eloquen-

1149 1269 1224 1303 tiae
1252 1268 1375 1303 nitore
1403 1267 1646 1312 perspicuum
1672 1265 1726 1300 III
1750 1265 1807 1310 94,
1832 1265 1865 1308 4,

1149 1326 1193 1360 A.
1238 1326 1432 1371 ingenium
1474 1329 1512 1360 et
1553 1324 1746 1370 eloquium
1787 1327 1866 1359 tam

1150 1383 1341 1419 excellens
1369 1387 1523 1428 tamque
1550 1383 1786 1418 luculentum
1813 1381 1865 1416 III

1149 1443 1205 1486 97,
1247 1442 1289 1477 13
1332 1451 1492 1486 eumque
1533 1441 1702 1486 appellat
1741 1441 1865 1475 virum

1151 1499 1505 1544 eloquentissimum
1531 1499 1583 1533 III
1614 1498 1691 1542 126,
1717 1498 1749 1533 5.
1775 1498 1866 1533 Pos-

1152 1557 1224 1592 sidi
1246 1557 1374 1593 verbis
1398 1567 1482 1592 eum
1506 1556 1692 1591 salutavit
1712 1556 1765 1590 III
1789 1555 1866 1599 125,

1104 1684 1129 1706 v
1143 1683 1166 1708 ο
1182 1676 1197 1707 t
1212 1683 1235 1707 u
1250 1683 1304 1718 m,
1326 1683 1401 1718 quo
1425 1672 1688 1707 Armentarius
1712 1675 1752 1707 et
1771 1671 1866 1706 Pau-

1150 1731 1228 1766 lina
1241 1731 1345 1766 vitae
1361 1730 1575 1775 coniugalis
1591 1728 1865 1765 continentiam

1151 1789 1224 1824 deo
1260 1792 1462 1833 voverant,
1496 1788 1628 1823 laudat
1663 1788 1708 1822 A.
1743 1790 1791 1831 et,
1826 1790 1868 1821 ut

1152 1847 1366 1891 redderent,
1407 1846 1511 1891 quod
1548 1846 1762 1889 vovissent,
1802 1854 1868 1879 eos

1153 1905 1377 1940 exhortatur
1401 1914 1460 1950 ep.
1489 1904 1570 1948 1273
1595 1904 1642 1945 cs.
1668 1903 1720 1937 IV
1743 1902 1823 1947 481,
1846 1903 1868 1937 3

1153 1962 1274 2006 (Hit).
1314 1962 1498 1998 vovenda
1533 1961 1626 1996 talia
1664 1970 1741 1995 non
1780 1962 1868 1995 sunt

1152 2030 1175 2054 a
1200 2019 1418 2064 coniugatis
1444 2018 1518 2053 nisi
1542 2028 1589 2053 ex
1614 2027 1804 2053 consensu
1831 2020 1869 2052 et,

1153 2077 1353 2114 voluntate
1389 2075 1580 2111 communi
1615 2078 1664 2120 et,
1698 2075 1729 2110 si
1763 2084 1868 2119 prae-

1153 2144 1312 2178 propere
1341 2134 1485 2168 tactum
1512 2132 1638 2177 fuerit,
1662 2131 1784 2177 magis
1810 2133 1870 2166 est

1153 2191 1380 2236 corrigenda
1413 2191 1608 2227 temeritas
1641 2201 1755 2236 quam
1787 2200 1868 2235 per-

1154 2249 1342 2284 solvenda
1369 2248 1570 2293 promissio
1600 2248 1653 2283 lII
1681 2248 1738 2292 28,
1767 2248 1821 2282 15.

1106 2316 1167 2341 vo
1182 2318 1207 2341 v
1222 2316 1241 2341 e
1258 2318 1274 2341 r
1288 2317 1307 2341 e
1327 2318 1334 2340 :
1366 2306 1468 2350 quod
1498 2306 1582 2351 quis
1611 2305 1723 2341 vovit
1753 2314 1869 2349 seque

1153 2363 1370 2407 obstrinxit,
1409 2363 1514 2398 aliud
1552 2362 1586 2398 ei
1625 2362 1752 2397 facere
1791 2371 1869 2397 non

1154 2421 1244 2456 licet
1279 2420 1330 2455 III
1366 2420 1421 2463 27,
1459 2419 1606 2464 19—28,
1642 2420 1699 2463 11;
1735 2420 1782 2462 cf.
1816 2418 1869 2453 IV

1153 2478 1233 2523 482,
1273 2478 1327 2512 12.
1366 2481 1558 2512 voventur
1596 2476 1734 2521 omnia,
1771 2485 1869 2521 quae

1154 2534 1366 2570 offeruntur
1410 2535 1495 2578 deo,
1539 2534 1701 2569 maxime
1746 2532 1870 2569 sancti

1154 2592 1286 2627 altaris
1323 2591 1479 2628 oblatio.
1516 2601 1590 2636 quo
1629 2593 1869 2626 sacramento

1154 2649 1397 2694 praedicatur
1429 2652 1601 2684 nostrum
1631 2648 1725 2683 illud
1752 2647 1870 2682 maxi-

1154 2717 1255 2741 mum
1292 2710 1438 2750 votum,
1474 2716 1548 2750 quo
1585 2715 1655 2741 nos
1690 2705 1869 2740 vovimus

1157 2764 1193 2798 in
1215 2763 1366 2799 Christo
1389 2774 1472 2799 esse
1494 2773 1695 2798 mansuros
1716 2762 1770 2797 111
1789 2762 1869 2806 363,

1157 2822 1186 2854 1.
1215 2821 1316 2855 «ruod
1347 2820 1543 2857 coniugati
1571 2821 1643 2856 deo
1672 2819 1754 2859 nari
1782 2829 1870 2855 con-
