2078 3054
275 153 360 196 200

323 282 533 319 secundum
583 282 689 329 leges
738 293 871 329 regum
919 286 1053 332 terre-⁴

323 350 459 376 norum
505 341 681 377 amittere
726 340 821 376 iussi
867 344 956 376 sunt
1001 339 1036 374 11

322 399 401 444 493,
430 399 483 434 18.
510 398 790 434 Constantinus
815 398 921 443 prior
948 408 1035 434 con-

322 461 383 492 tra
409 460 558 501 partem
582 450 725 491 Denati
751 456 1035 492 severissimam

322 514 446 560 legem
486 513 609 559 dedit3
649 514 749 549 hunc
788 513 928 549 imitati
967 513 1036 549 filii

321 572 403 608 eius
439 571 534 608 talia
566 576 861 617 praeceperunt,
894 571 1034 607 deinde

320 629 629 675 Valentinianus,
662 629 884 675 Gratianus,
915 629 1036 665 Theo-

320 687 453 723 dosius
486 692 524 724 et
556 687 751 724 Theodosi
785 687 853 723 filii
887 687 923 723 II
956 687 1034 732 601,

320 745 493 791 22—-602,
541 745 593 781 10.
651 745 835 791 quicquid
881 745 1034 781 nomine

321 803 570 839 ecclesiarum
596 803 718 849 partis
745 803 889 839 Donati
913 803 1054 848 possi-=

320 862 495 907 debatur,
533 861 743 897 Christiani
782 861 1035 906 imperatores

319 919 469 965 legibus
503 919 696 966 religiosis
729 929 815 955 cum
847 919 943 964 ipsis
977 929 1035 955 ec-

320 978 447 1013 clesiis
495 978 545 1014 ad
592 977 822 1013 catholicam
869 977 1033 1012 transire

321 1035 516 1071 iusserunt
548 1035 600 1070 IV
632 1035 689 1081 32,
722 1035 779 1080 103
813 1036 859 1077 cf.
891 1035 948 1080 31,
980 1035 1034 1070 21.

320 1093 502 1129 catholici
539 1093 679 1140 legatis
718 1094 768 1129 ad
809 1093 1034 1129 comitatum

320 1151 448 1188 missis
481 1151 716 1197 petiverunt,
748 1155 790 1187 ut
819 1151 882 1188 lex
914 1151 1036 1187 Theo-

320 1209 417 1256 dosi,
439 1221 515 1256 qua
538 1220 671 1246 omnes
694 1209 881 1246 haeretici
902 1209 1035 1245 decem

320 1268 427 1304 libris
461 1268 545 1303 auri
579 1267 847 1312 multarentur,
882 1277 1036 1311 expres-

321 1326 401 1362 sius
423 1326 463 1361 in
484 1324 711 1362 Donatistas
733 1324 1035 1369 confirmaretur,

321 1384 360 1420 in
406 1394 568 1429 quorum
615 1382 838 1429 regionibus
886 1382 1036 1427 aliquas

320 1441 529 1478 violentias
558 1441 723 1477 ecclesia
752 1440 943 1476 catholica
972 1450 1037 1485 pa-

320 1504 480 1544 teretur;
530 1500 597 1536 sed
632 1496 788 1544 frustra,
824 1499 899 1534 iam
935 1498 1036 1534 enim

319 1558 383 1595 lex
417 1558 546 1594 fuerat
580 1557 838 1603 promulgata,
872 1560 915 1592 ut
948 1556 1037 1592 hae-

319 1617 418 1652 resis
446 1615 740 1652 Donatistarum
768 1614 924 1651 omnino
952 1624 1036 1650 esse

320 1685 398 1710 non
420 1674 610 1710 sineretur
632 1674 788 1717 impune
809 1683 887 1708 non
907 1676 1036 1708 tamen

322 1732 514 1778 supplicio
553 1732 712 1777 capitali
749 1732 817 1768 sed
856 1731 1037 1776 pecunia-

321 1791 389 1826 riis
415 1790 567 1826 damnis
593 1790 805 1835 propositis
831 1793 869 1834 et
894 1790 933 1825 in
958 1788 1037 1832 epi-

323 1858 463 1893 scopos
522 1849 586 1885 vel
645 1848 844 1883 ministros
906 1857 1037 1882 eorum

323 1907 440 1943 exilio
479 1907 691 1942 constituto
728 1906 781 1940 IV
817 1906 873 1949 24,
911 1905 1037 1949 7-25,

325 1965 382 2008 19;
407 1965 454 2006 cf.
478 1964 513 1998 II
535 1965 614 2009 414,
638 1964 669 1999 1.
693 1964 902 2007 imperator
923 1962 1038 1997 male-

323 2023 388 2058 bat
419 2022 604 2066 piissimis
635 2021 784 2067 legibus
816 2020 1058 2059 Donatista·2

325 2091 407 2115 rum
449 2089 616 2115 errorem
658 2078 851 2124 corrigere
892 2082 930 2113 et
972 2087 1039 2112 eos

323 2138 373 2174 ad
395 2137 584 2173 unitatem
607 2137 836 2172 catholicam
858 2134 1039 2179 terrendo

324 2200 362 2231 et
410 2195 651 2231 cohercendo
699 2194 874 2239 redigere
924 2203 1038 2239 quam

324 2253 525 2289 saeviendi
556 2256 706 2288 tantum
741 2252 854 2287 modo
887 2251 1039 2287 auferre

324 2311 519 2347 licentiam
549 2310 603 2345 IV
630 2311 685 2354 27,
714 2310 745 2345 8.
774 2309 1039 2354 imperialibus

324 2369 474 2414 legibus
506 2367 735 2405 Donatistae
768 2368 816 2403 ad
851 2367 1038 2402 unitatem

325 2427 562 2471 cogebantur
598 2425 634 2460 ΙΙ
669 2425 749 2470 471,
784 2425 815 2459 8.
851 2425 1040 2460 adversus

326 2484 471 2521 Honori
502 2483 608 2529 leges
639 2482 931 2519 Donatistarum
962 2482 1041 2526 epi-

326 2543 435 2587 scopi
468 2542 630 2578 Romam
666 2540 963 2586 navigaverunt,
999 2544 1041 2575 ut

327 2602 553 2638 audirentur
578 2600 615 2635 II
637 2601 716 2645 416,
740 2600 794 2635 20.
819 2600 925 2645 leges
949 2599 1041 2634 vivo

327 2661 538 2698 Stilichone
574 2661 806 2705 imperatore
844 2660 1041 2695 nesciente

327 2721 390 2756 vel
416 2720 571 2757 nolente
598 2720 831 2756 constitutas
857 2730 942 2757 esse
968 2718 1042 2754 Do-

330 2780 496 2815 natistae
541 2780 623 2815 sive
667 2779 800 2815 dolose
844 2780 1042 2815 iactabant

330 2838 412 2874 sive
452 2838 617 2874 libenter
659 2838 848 2883 putabant
888 2837 923 2872 II
962 2838 1063 2892 517,ἰ

944 169 1086 204 index
1115 170 1159 204 V.

1123 282 1176 318 14.
1215 282 1424 322 Stilichone
1463 292 1614 323 mortuo
1654 300 1719 325 eas
1759 290 1832 326 iam

1121 340 1215 376 nihil
1267 342 1398 379 valere
1453 345 1739 382 arbitrabantur
1796 352 1834 384 et

1121 398 1319 436 iactabant
1354 401 1389 435 II
1421 402 1503 448 538,
1536 403 1569 439 3.
1604 415 1680 450 qua
1714 416 1754 441 re
1789 406 1833 441 A.

1121 456 1273 493 efficere
1297 460 1519 505 conabatur,
1542 465 1584 497 ut
1605 461 1833 499 Donatistae

1121 524 1189 558 per
1219 515 1348 551 edicta
1379 518 1581 554 novissent
1611 519 1716 565 leges
1749 521 1834 556 illas

1120 572 1322 610 voluntate
1364 574 1609 617 imperatoris
1650 579 1834 614 constitu-

1120 633 1181 665 tas
1216 641 1300 667 esse
1340 636 1455 677 atquae
1492 644 1648 670 manere
1682 634 1718 669 II
1754 636 1834 681 517,

1122 687 1291 734 13—518,
1333 690 1366 724 6.
1409 690 1488 737 5:38,
1532 690 1562 727 1.
1604 691 1833 729 Donatistae

1120 746 1370 790 proferebant
1405 748 1523 784 falsas
1559 749 1834 793 imperatorum

1119 803 1383 850 indulgentias
1430 810 1466 841 ct
1511 807 1714 843 mendacio
1759 808 1834 844 isto

1120 865 1242 897 totam
1267 862 1437 898 Africam
1463 864 1675 909 implebant
1697 865 1734 900 Π
1755 866 1833 911 599,

1120 920 1152 955 2.
1190 930 1381 965 quaenam
1418 931 1567 966 poenae
1603 933 1650 958 ex
1688 922 1835 959 Honori

1119 977 1269 1023 legibus
1308 978 1348 1014 in
1382 978 1609 1015 Donatistas
1644 981 1835 1017 redunda-

1121 1035 1198 1071 rint
1219 1035 1255 1070 ΙΙ
1275 1036 1356 1082 464,
1377 1036 1500 1073 1—13.
1521 1037 1637 1073 nullis
1659 1038 1836 1083 imperia-

1120 1093 1219 1130 libus
1253 1094 1443 1131 institutis
1478 1100 1729 1140 praeceptum
1765 1101 1836 1141 est,

1120 1150 1350 1189 Donatistae
1381 1156 1424 1188 ut
1454 1157 1640 1189 necentur
1672 1153 1724 1189 IV
1755 1155 1835 1199 319,

1120 1210 1153 1245 3.
1183 1210 1254 1246 hoc
1282 1210 1446 1256 contigit
1474 1210 1703 1258 Donatistis,
1732 1212 1835 1259 quod

1120 1269 1412 1304 accusatoribus
1456 1269 1580 1304 sancti
1621 1269 1836 1314 Danihelis,

1122 1325 1222 1365 sicut
1258 1326 1359 1361 enim
1398 1326 1437 1361 in
1476 1326 1562 1362 illos
1599 1326 1743 1373 leones,
1781 1328 1836 1363 sic

1121 1383 1162 1419 in
1203 1383 1300 1419 istos
1343 1393 1554 1420 conversae
1599 1389 1689 1420 sunt
1731 1385 1837 1431 leges

1122 1441 1176 1476 IV
1202 1442 1235 1486 6,
1261 1442 1298 1486 6;
1328 1442 1374 1484 cs.
1403 1441 1439 1477 II
1464 1443 1544 1487 464,
1573 1442 1628 1478 16.
1653 1443 1836 1487 permulti

1121 1498 1350 1536 Donatistae
1397 1499 1544 1536 Honori
1589 1500 1739 1546 legibus
1788 1500 1837 1535 ad

1122 1557 1325 1593 ecclesiam
1349 1558 1579 1594 catholicam
1603 1559 1752 1594 reducti
1774 1558 1837 1594 vel

1123 1615 1248 1651 redire
1290 1616 1415 1651 coacti
1455 1620 1522 1651 aut
1561 1627 1601 1652 se
1641 1620 1836 1652 correctos

1123 1683 1207 1709 esse
1251 1673 1497 1710 laetabantur
1540 1678 1607 1709 aut
1648 1673 1835 1719 paulatim

1122 1731 1389 1767 adsuescendo
1452 1731 1744 1777 corrigebantur
1803 1731 1838 1765 II

1123 1789 1203 1834 447,
1234 1789 1265 1825 8.
1295 1789 1375 1834 462,
1405 1789 1554 1834 8—463,
1585 1789 1639 1825 21.
1673 1790 1752 1834 598,
1781 1789 1837 1824 27.

1124 1847 1177 1882 IV
1207 1848 1240 1893 6,
1271 1848 1324 1883 10.
1357 1848 1411 1892 12,
1443 1847 1568 1883 8—26.
1601 1847 1655 1892 27,
1690 1847 1837 1891 14-28,

1125 1906 1179 1941 12.
1210 1906 1265 1950 30,
1299 1906 1333 1950 13
1365 1906 1602 1941 accusabant
1633 1905 1837 1949 pristinam

1125 1963 1352 1999 caecitatem
1378 1963 1413 1997 II
1435 1964 1515 2007 446,
1542 1963 1595 1998 14.
1620 1964 1700 2007 447,
1726 1963 1757 1998 9.
1782 1962 1837 1997 21.

1124 2021 1203 2065 461,
1235 2021 1289 2056 13.
1320 2014 1380 2054 Iv'
1402 2021 1458 2065 30,
1489 2021 1521 2054 4.
1552 2020 1599 2055 de
1631 2020 1837 2055 multorum

1126 2078 1200 2114 iam
1225 2078 1463 2114 correctione
1488 2088 1527 2113 se
1551 2078 1720 2124 gaudere
1745 2077 1839 2113 dicit

1126 2135 1181 2181 A.,
1214 2136 1278 2182 qui
1313 2139 1390 2172 tam
1424 2136 1617 2171 veraciter
1650 2135 1838 2171 unitatem

1125 2194 1355 2229 catholicam
1398 2197 1577 2229 tenerent
1618 2197 1657 2229 et
1697 2204 1721 2228 a
1764 2192 1839 2236 pri-

1126 2252 1226 2288 stino
1270 2262 1398 2288 errore
1444 2263 1483 2288 se
1527 2251 1710 2288 liberatos
1754 2261 1838 2286 esse

1125 2310 1373 2354 laetarentur,
1407 2314 1448 2345 ut
1481 2320 1547 2346 eos
1580 2320 1665 2345 cum
1698 2319 1840 2354 magna

1124 2368 1385 2413 gratulatione
1431 2367 1635 2403 miraretur
1680 2366 1716 2401 II
1759 2367 1838 2410 445,

1127 2426 1184 2461 15:
1218 2426 1264 2467 cf.
1296 2425 1376 2468 448,
1410 2425 1462 2460 19.
1494 2425 1573 2469 519,
1606 2425 1658 2460 11.
1692 2435 1839 2460 reman-

1126 2487 1258 2519 serunt
1292 2484 1426 2519 turbae
1462 2483 1593 2526 durae,
1628 2483 1667 2517 in
1701 2482 1839 2527 quibus

1126 2541 1324 2587 aliquanto
1357 2540 1503 2576 diutius
1534 2539 1749 2575 laboratum
1782 2543 1840 2575 est

1127 2600 1179 2635 IV
1210 2601 1265 2645 28,
1297 2600 1422 2635 2-12.
1455 2599 1611 2645 quidam
1644 2610 1728 2634 cum
1761 2598 1839 2633 ficti

1127 2664 1365 2704 putarentur,
1421 2658 1602 2705 quoniam
1649 2657 1840 2694 -iussionis

1127 2723 1272 2755 terrore
1303 2718 1552 2763 transierunt,
1583 2717 1681 2753 tales
1713 2721 1840 2762 poste-

1127 2776 1206 2813 rius
1234 2778 1383 2814 inventi
1411 2782 1510 2822 sunt,
1540 2782 1581 2813 ut
1610 2777 1838 2824 quibusdam

1128 2838 1322 2873 veteribus
1364 2837 1563 2873 catholicis
1603 2837 1840 2882 praeferren-
