2078 3054
398 370 473 412 DE
503 370 906 413 EPISTULARUM
938 369 1155 413 ORDINE
1188 369 1380 420 ATQUE
1411 371 1788 415 TEMPORIBUS.

468 486 562 522 Cum
590 486 832 532 Augustinus
859 488 906 523 ab
932 491 1118 523 autumno
1148 499 1181 523 a.
1208 488 1278 524 386
1303 498 1424 534 usque
1452 488 1502 524 ad
1528 488 1699 533 Aprilem
1729 500 1762 525 a.
1787 490 1856 525 387

326 545 365 580 in
385 556 471 581 rure
493 545 714 582 Cassiciaoo
740 551 974 591 versaretur,
1001 547 1169 591 scriptae
1196 551 1285 583 sunt
1311 547 1502 591 epistulae

942 629 974 664 1.
999 630 1033 664 2.
1059 629 1092 664 3.
1118 630 1151 665 4.
1178 630 1234 666 13.

325 714 441 756 atque
476 711 643 755 epistula
680 715 696 749 1
736 712 852 756 paulo
889 716 978 757 post
1013 712 1132 749 libros
1169 716 1305 748 contra
1342 713 1598 749 Academicos
1634 713 1704 748 sub
1740 712 1853 749 finem

325 780 358 805 a.
382 771 452 806 386
477 770 691 815 confect0s3
728 771 898 816 epistula
919 774 941 808 3
966 782 1043 807 non
1067 771 1188 807 multo
1213 776 1303 816 post
1326 771 1618 819 soliloquiorum
1641 771 1760 808 libros
1784 766 1854 808 sub

326 829 477 866 initium
499 841 533 866 a.
557 831 625 866 387
650 831 844 875 emissos3f
862 830 1031 875 epistula
1055 834 1078 868 4
1102 835 1192 877 post
1214 841 1274 876 ep.
1297 832 1329 868 3.
1351 854 1399 858 —
1420 831 1628 876 epistulam
1651 832 1694 868 13
1718 832 1852 868 eodem

325 892 498 934 tempore
526 890 711 935 scriptam
738 900 822 926 esse
850 890 980 926 omnia
1008 890 1247 926 conveniunt
1274 895 1312 927 et
1338 901 1400 926 res
1428 900 1514 926 cum
1543 889 1728 926 Nebridio
1755 895 1855 926 trac-

325 952 408 984 tata
435 949 482 985 de
509 953 648 984 natura
677 949 850 985 sensibili
878 954 994 996 atque
1022 950 1266 996 intellegibili
1294 955 1336 987 ut
1364 951 1403 987 in
1434 961 1494 997 ep.
1521 952 1543 988 3
1571 955 1610 988 et
1637 952 1658 987 4
1684 956 1723 987 et
1750 952 1853 998 quod

325 1008 420 1043 dicit
442 1008 699 1054 Augustinus:
722 1010 781 1045 Ea:
801 1019 876 1055 quo
898 1009 976 1045 abii
997 1010 1065 1045 abs
1087 1013 1124 1045 te
1144 1014 1183 1046 et
1201 1010 1388 1046 hiemales
1408 1012 1523 1046 nimis
1541 1011 1682 1056 lonyae
1703 1015 1853 1053 noctes,-

326 1066 551 1104 Nebridium
571 1068 672 1104 enim
692 1067 901 1105 Mediolani
920 1067 1142 1115 reliquerat,
1164 1079 1250 1106 cum
1270 1069 1352 1115 ipse
1373 1070 1537 1106 hiemem
1558 1070 1597 1105 in
1617 1081 1704 1107 rure
1729 1069 1855 1106 Cassi-

325 1126 432 1162 ciaco
455 1127 740 1173 transigebat.²)

464 1221 565 1258 Cum
588 1223 636 1259 ab
663 1226 848 1259 autumno
875 1234 909 1260 a.
937 1224 1007 1259 388
1032 1223 1153 1260 ferme
1179 1223 1348 1260 triennio
1370 1224 1482 1275 'apud
1508 1223 1706 1270 Tagasten
1732 1225 1853 1261 vitam

327 1282 601 1317 monachorum
642 1282 802 1317 similem
844 1283 1002 1328 degeret
1041 1283 1295 1329 Augustinus,
1333 1283 1539 1319 Nebridius
1579 1283 1619 1318 in
1657 1294 1744 1319 rure
1785 1294 1854 1320 suo

322 1341 426 1377 haud
455 1341 591 1386 procul
620 1353 642 1377 a
672 1340 907 1388 Carthagine
937 1342 1143 1388 habitaret,
1172 1342 1272 1379 inter
1301 1353 1367 1379 eos
1396 1343 1512 1379 datae
1545 1346 1634 1379 sunt
1663 1343 1852 1387 epistulae

789 1437 821 1473 5.
848 1436 881 1474 6.
907 1438 940 1472 7.
966 1436 999 1472 8.
1025 1436 1058 1472 9.
1085 1437 1142 1472 10.
1169 1436 1224 1473 11.
1251 1437 1307 1473 12.
1334 1439 1390 1476 14.

323 1507 493 1551 epistula
519 1510 540 1544 7
564 1508 824 1552 respondetur
848 1507 1040 1552 epistulae
1063 1509 1095 1554 6,
1121 1508 1313 1553 epistulae
1336 1507 1552 1553 sepistula
1576 1509 1612 1553 93
1650 1512 1854 1552 praeterea

324 1566 493 1611 epistula
511 1568 532 1603 7
554 1571 789 1603 memoratur
808 1567 847 1603 in
868 1577 928 1613 ep.
949 1568 982 1604 9.
1000 1590 1048 1595 --
1067 1567 1237 1614 epistula
1258 1569 1305 1606 10
1321 1571 1360 1604 et
1380 1569 1420 1605 11
1444 1578 1490 1604 eo
1513 1567 1614 1604 inter
1636 1577 1676 1604 se
1699 1568 1853 1603 iunctae

323 1625 516 1671 videntur,
548 1627 651 1673 quod
682 1627 721 1662 in
751 1631 915 1674 utraque
946 1637 1071 1663 sermo
1102 1631 1161 1664 est
1190 1627 1239 1664 de
1272 1627 1467 1665 desiderio
1496 1638 1576 1663 una
1605 1626 1777 1664 vivendi.
1807 1648 1855 1653 ——

324 1686 427 1731 quod
451 1690 510 1722 est
532 1687 571 1722 in
594 1696 654 1731 ep.
678 1688 723 1723 12
745 1675 1114 1723 sermocinationum
1136 1690 1369 1730 nostrarum,
1392 1686 1432 1722 id
1456 1686 1676 1735 significare
1697 1686 1853 1722 videtur

323 1755 382 1790 ep.
408 1746 448 1781 11
473 1756 503 1783 c.
529 1747 633 1782 2—4.
655 1769 703 1773 —
725 1747 766 1781 in
790 1756 850 1791 ep.
875 1748 920 1783 14
942 1757 979 1792 p.
1002 1746 1059 1791 34,
1083 1746 1224 1783 10—12
1243 1746 1372 1792 tangit
1394 1746 1638 1793 Augustinus
1659 1746 1854 1792 quaestio-

324 1816 409 1841 nem
434 1805 481 1841 de
503 1805 658 1841 homine
681 1804 835 1842 Christo
858 1816 881 1841 a
904 1805 1088 1842 Nebridio
1111 1805 1366 1851 propositam,
1381 1812 1487 1852 ‘quae
1512 1805 1635 1841 fusius
1657 1805 1853 1850 explicata

324 1868 383 1900 est
406 1864 575 1909 epistula
598 1865 653 1901 11.

463 1958 599 1995 Eidem
621 1959 798 2005 tempori,
821 1963 1029 2005 antequam
1052 1960 1294 2006 Augustinus
1317 1960 1521 2006 presbyter
1544 1959 1671 1995 factus
1693 1962 1763 2003 est,
1786 1958 1853 1994 ad-

323 2018 549 2055 scribendae
574 2022 663 2054 sunt
688 2018 879 2063 epistulae

854 2102 909 2138 15.
937 2102 992 2138 16.
1020 2102 1074 2138 17.
1102 2102 1157 2138 18.
1185 2102 1240 2137 19.
1265 2103 1323 2140 20.

322 2173 490 2216 epistula
521 2174 565 2210 15
599 2173 745 2218 scripta
776 2177 847 2219 est,
878 2183 965 2209 cum
997 2173 1038 2209 in
1066 2183 1112 2210 eo
1144 2163 1258 2219 esset,
1289 2177 1331 2209 ut
1362 2172 1605 2218 Augustinus
1634 2172 1772 2208 librum
1804 2171 1851 2207 de

322 2243 416 2268 vera
439 2232 627 2278 religione
651 2232 894 2268 Romaniano
919 2233 1102 2278 mitteret,
1126 2243 1240 2279 quem
1264 2232 1403 2269 librum
1428 2243 1462 2269 a.
1488 2231 1676 2268 389—390
1699 2240 1852 2275 compo-

323 2295 465 2329 suerat.
489 2321 546 2325 —
570 2292 777 2336 epistulam
801 2294 856 2337 17,
881 2303 958 2338 qua
980 2292 1239 2337 respondetur
1262 2291 1452 2335 epistulae
1478 2292 1531 2334 16,
1556 2290 1740 2335 scriptam
1767 2299 1851 2326 esse

322 2351 407 2388 veri
431 2351 554 2387 simile
581 2355 639 2387 est
666 2355 757 2388 ante
779 2351 904 2397 legem
928 2351 976 2387 de
1002 2351 1243 2397 prohibendo
1268 2350 1459 2386 idolorum
1484 2350 1590 2386 cultu
1613 2349 1739 2395 pridie
1763 2348 1851 2385 Kal.

323 2410 434 2448 Mart.
455 2422 488 2447 a.
508 2412 575 2447 391
599 2411 730 2448 latam.
749 2433 796 2437 —-
815 2410 985 2456 epistula
1004 2412 1050 2447 18
1069 2410 1163 2446 data
1184 2412 1242 2446 est
1263 2409 1452 2446 confectis
1474 2409 1623 2455 aliquot
1643 2408 1850 2445 adversum

323 2470 570 2507 Manichaeos
596 2470 715 2515 libris,
742 2470 809 2516 qui
835 2469 928 2516 quin
954 2469 1079 2506 eidem
1107 2469 1252 2505 fuerint
1277 2472 1393 2515 atque
1420 2478 1519 2513 opus
1547 2467 1655 2504 libris
1683 2467 1851 2514 quinque

323 2529 541 2566 confectum
569 2529 634 2565 vel
661 2529 962 2575 Pentateuchus‚
990 2539 1089 2576 quae
1120 2528 1160 2565 in
1190 2538 1250 2574 ep.
1280 2528 1324 2564 24
1354 2537 1391 2573 p.
1421 2528 1477 2573 74,
1508 2528 1551 2564 14
1580 2531 1619 2564 et
1649 2526 1691 2563 in
1717 2536 1777 2572 ep.
1807 2527 1854 2563 25

466 2635 496 2681 1)
525 2635 692 2671 Maurini
715 2635 814 2671 hanc
841 2634 1049 2679 epistulam
1076 2635 1116 2671 in
1142 2644 1298 2671 secessu
1323 2633 1556 2679 Tagastensi
1583 2643 1617 2669 a.
1646 2631 1745 2668 forte
1772 2631 1852 2677 389,

325 2699 428 2732 certe
452 2699 542 2731 ante
568 2705 601 2732 a.
625 2695 691 2730 391
716 2694 901 2739 scriptam
925 2704 1011 2731 esse
1036 2696 1281 2731 censuerunt.
