2078 3054
903 154 1041 190 Index
1071 154 1132 189 Vl.

244 271 376 312 utpote
402 268 466 312 qui
491 278 575 303 cum
601 268 693 304 ind..·
719 271 862 313 utpote,
887 267 999 302 sicuti

290 336 313 360 a
341 325 471 361 multis
499 326 650 370 dicitur,
679 326 786 360 cuius
815 326 884 360 hoc
913 335 999 360 con-

290 386 369 417 stat
409 383 457 426 (v.
499 383 522 418 l.
564 383 729 427 constet)
770 392 853 418 esse
895 392 999 427 prae-

290 445 442 483 ceptum
476 440 529 474 111
561 441 616 484 95,
648 442 668 475 7
699 441 860 484 (Marc).

243 501 458 532 utrumnam
482 497 535 532 III
558 498 637 541 501,
660 498 697 541 53
722 498 768 539 cf.
793 497 827 532 II
850 497 998 542 545,18.

243 623 395 648 vacare:
438 622 514 647 non
557 613 765 657 permittor,
808 613 856 648 ad
898 612 998 657 quod

289 670 390 712 volo,
413 680 552 706 vacare
576 670 627 704 IV
648 671 728 713 377,
750 671 782 706 8.
807 669 837 705 si
862 669 928 705 tibi
951 669 998 704 ab

289 727 559 763 ecclesiasticis
591 727 808 763 muneribus
839 730 953 763 vacat
984 728 999 762 I

291 785 367 827 102,
397 786 453 828 173
483 786 529 826 cf.
558 785 610 819 III
637 786 693 824 97,
721 785 752 820 2.
781 795 857 820 non
884 788 998 820 vacat

290 844 345 885 (Ξ
362 852 438 877 non
464 843 606 877 frustra
630 843 715 887 est),
739 843 840 887 quod
864 844 897 878 ei
922 852 998 877 non

290 899 430 935 sufficit
453 900 579 935 dicere
603 901 742 935 ‘semen
766 899 903 939 Iacob‘,
926 899 998 935 nisi

288 957 447 992 adderet
478 957 719 992 ‘universum‘
751 957 804 992 III
835 958 912 1001 194,
943 958 998 992 24.

242 1014 336 1050 *vae
367 1015 507 1051 mundo
539 1015 587 1050 ab
618 1015 821 1050 scandalis!
855 1015 889 1050 II
920 1015 998 1058 270,

289 1072 342 1106 11.
369 1071 421 1106 IV
444 1073 524 1116 343,
551 1073 604 1108 13.

241 1129 354 1164 valde
382 1129 617 1165 tolerabilius
646 1130 680 1164 II
707 1131 786 1173 340,
808 1130 868 1164 ·12.

241 1186 410 1222 valentia
443 1187 477 1221 II
510 1188 589 1231 550,
623 1187 654 1221 2.
689 1198 785 1232 quae
820 1187 999 1223 videntur

288 1244 426 1280 habere
476 1244 698 1280 violentiam
751 1255 819 1280 nec
872 1249 998 1280 tamen

287 1301 426 1337 habent
464 1303 671 1338 valentiam
709 1303 910 1348 separandi
947 1303 998 1337 III

287 1359 365 1403 271,
399 1360 452 1395 18.
487 1360 658 1395 valentia
690 1361 821 1396 decem
855 1359 997 1396 milium

287 1416 472 1451 adversus
534 1427 673 1462 regem,
735 1419 799 1463 qui
861 1418 998 1463 viginti

288 1473 401 1509 habet
424 1474 474 1508 IV
496 1475 576 1518 570,
597 1476 630 1509 6.

241 1531 382 1566 valere:
419 1542 442 1566 a
478 1532 614 1577 quibus
652 1533 704 1568 eis
741 1533 996 1569 necessarium

287 1588 535 1624 ministerium
598 1590 726 1625 valeat
789 1592 845 1635 (z
863 1591 998 1636 possit)

287 1646 478 1682 exhiberi?
511 1648 562 1681 IV
595 1648 673 1691 494,
706 1649 738 1682 6.
770 1659 854 1683 cum
889 1648 997 1683 ‘vale‘

287 1704 442 1739 fecisset
476 1705 645 1750 collegae
680 1716 748 1741 suo
782 1706 816 1740 II
849 1707 927 1750 233,
961 1707 996 1749 53

288 1761 333 1801 cf.
362 1761 441 1805 234,
468 1762 499 1797 9.

240 1818 368 1854 valide
402 1820 458 1862 (z
475 1820 620 1864 valde):
652 1825 778 1856 utrum
810 1821 903 1856 nihil
933 1832 997 1856 va-

287 1875 363 1911 lide
393 1876 584 1912 inimicum
613 1878 661 1912 sit
689 1878 703 1912 I
733 1879 786 1922 10,
815 1879 868 1914 19.
896 1878 997 1924 quod

287 1932 412 1968 valide
442 1935 680 1970 contradicat
710 1936 761 1970 IV
788 1936 866 1979 284,
896 1938 927 1971 4.

241 1990 500 2035 vaniloquium
533 1992 567 2026 II
596 1993 676 2029 330.
709 1994 738 2028 1.
771 1993 823 2028 ΙΙΙ
855 1994 910 2037 86,
942 1994 996 2028 20.

288 2048 367 2091 488,
391 2049 422 2083 8.
447 2049 526 2092 555,
550 2049 582 2084 2.
606 2049 657 2083 IV
681 2051 760 2093 319,
785 2051 838 2085 16.

240 2115 377 2140 vanus:
422 2105 522 2142 *non
564 2107 731 2151 accipias
775 2108 814 2143 in
855 2118 997 2144 vanum

1701 146 1784 187 423

1082 269 1277 314 vegetari?
1307 270 1339 304 ΙΙ
1368 272 1400 305 3.
1433 272 1484 306 19.
1515 273 1706 317 lampades
1737 275 1787 308 in-

1082 327 1219 362 teriore
1252 327 1335 362 oleo
1368 334 1595 371 vegetantur
1628 330 1679 364 111
1711 332 1788 371 223,

1082 384 1136 418 14.
1163 384 1200 418 in
1226 384 1367 420 domini
1395 386 1652 422 misericordia
1677 399 1788 433 vege-

1082 442 1173 476 teris
1200 442 1252 475 111
1278 442 1356 479 502,
1384 443 1437 477 20.

1035 504 1154 540 velari
1184 520 1223 533 z
1255 505 1579 540 sanctimonialem
1620 507 1698 542 fieri
1739 507 1789 541 IV

1079 562 1159 597 358.
1186 562 1240 596 21.

1035 624 1238 660 velationis
1266 626 1540 670 apophoretum
1570 626 1621 661 III
1651 628 1728 671 382,
1756 629 1788 663 8.

1035 687 1228 723 velificare
1251 688 1302 722 IV
1325 688 1404 731 606,
1429 689 1460 722 1.

1035 751 1146 786 velle:
1198 751 1352 786 volendi
1404 753 1690 796 perseverantia
1739 753 1790 787 IV

1080 809 1159 852 475,
1187 809 1229 843 12
1256 809 1376 853 (Hz'I.).
1403 809 1635 853 possibilitas
1662 810 1791 845 volen-

1081 866 1118 901 di
1147 866 1198 900 IV
1224 866 1279 910 46,
1308 867 1365 909 10;
1395 867 1440 908 cf.
1470 866 1523 901 III
1551 868 1629 911 616,
1659 868 1711 903 12.
1740 868 1790 901 IV

1081 924 1158 967 427,
1192 924 1224 959 5.
1258 945 1305 949 —
1338 934 1405 969 pro
1441 924 1576 969 quibus
1611 935 1718 960 orare
1754 931 1790 960 ct

1081 982 1218 1016 bonum
1240 982 1294 1017 eis
1316 982 1414 1017 velle
1435 982 1638 1017 didicimus
1660 983 1692 1017 II
1713 984 1790 1026 340,

1082 1039 1134 1074 13.
1174 1039 1204 1074 si
1244 1039 1481 1075 Christianus
1521 1040 1652 1075 videat
1690 1050 1731 1075 se
1769 1052 1791 1075 a

1081 1096 1240 1131 barbaro
1291 1097 1352 1131 vel
1402 1108 1423 1131 a
1471 1096 1644 1132 Romano
1693 1098 1790 1133 velle¹

1085 1156 1140 1197 (³2
1160 1155 1196 1189 in
1219 1165 1263 1189 eo
1286 1165 1368 1190 esse
1393 1156 1448 1199 ut)
1473 1155 1635 1190 interfici
1657 1156 1690 1189 ΙΙ
1715 1156 1790 1198 127,

1079 1212 1101 1246 5
1127 1202 1281 1255 (Faba).
1308 1212 1488 1247 Pinianus
1516 1213 1630 1247 mittit
1658 1213 1707 1248 ad
1733 1224 1790 1248 me

1081 1279 1232 1304 servum
1281 1270 1352 1313 dei,
1400 1269 1463 1314 qui
1511 1270 1600 1305 mihi
1648 1271 1791 1306 diceret

1082 1338 1165 1362 eum
1205 1329 1240 1370 (τ’.
1279 1338 1309 1362 e.
1347 1327 1566 1372 Pinianum)
1605 1338 1645 1363 se
1685 1330 1720 1371 (i.
1759 1340 1790 1364 e.

1079 1384 1293 1429 Pinianum)
1339 1384 1437 1421 velle
1483 1386 1622 1431 populo
1668 1386 1790 1421 iurare

1081 1442 1132 1476 III
1153 1443 1186 1486 9,
1210 1442 1264 1478 23.

1034 1516 1229 1541 venenosa
1275 1506 1408 1542 fraude
1457 1507 1688 1551 persuadere
1737 1507 1789 1542 Ill

1079 1563 1212 1607 58,18.

1033 1626 1303 1662 venerabilitas
1333 1630 1400 1662 tua
1429 1628 1562 1662 titulus
1590 1628 1624 1661 II
1653 1628 1731 1671 221,
1758 1629 1790 1662 5.

1079 1684 1158 1727 233,
1180 1684 1234 1719 23.
1257 1684 1334 1728 642,
1357 1685 1388 1719 8.
1411 1684 1464 1719 III
1484 1685 1540 1729 95,
1564 1685 1606 1719 16
1626 1685 1788 1729 (Mara).

1080 1741 1132 1775 IV
1164 1741 1242 1785 617,
1275 1742 1296 1776 2
1327 1742 1513 1786 (Audax).

1033 1804 1300 1840 venerabiliter
1328 1805 1545 1840 carissimus
1571 1805 1605 1840 II
1631 1806 1709 1844 224.
1736 1806 1789 1841 19.

1080 1862 1158 1902 226,
1185 1863 1216 1898 9.
1243 1863 1323 1905 388,
1351 1863 1382 1897 2.
1409 1863 1461 1897 III
1488 1863 1567 1906 631,
1596 1863 1650 1907 11,
1677 1864 1790 1899 dilec-

1079 1919 1259 1963 tissimus,
1288 1920 1530 1956 beatissimus
1560 1921 1612 1955 III
1640 1921 1718 1965 488,
1748 1921 1790 1955 12

1078 1980 1116 2012 et
1135 1978 1213 2022 511,
1233 1979 1252 2013 7
1271 1978 1440 2023 (Et-od.)
1463 1988 1497 2014 v.
1517 1980 1790 2023 ‘comparatio‘.

1033 2046 1279 2077 veneratores
1314 2042 1655 2085 praecipitatorum
1691 2041 1789 2076 ultro

1079 2098 1308 2134 cadaverum
1337 2099 1370 2133 II
1400 2099 1476 2142 106,
1504 2100 1537 2133 7.

288 2173 425 2198 nomen
450 2164 592 2199 domini
618 2165 652 2199 ΙΙ
680 2166 756 2209 191,
783 2167 818 2209 73
846 2167 892 2207 cs,
921 2137 1014 2209 193‚i
1032 2162 1284 2197 veniabiliora
1308 2161 1487 2197 videntur
1512 2166 1674 2206 peccata
1695 2162 1789 2205 (Ma-

287 2221 319 2255 8.
347 2220 407 2255 *in
434 2231 574 2256 vanum
600 2222 872 2258 laboraverunt
896 2224 996 2259 aedi.-

288 2277 445 2313 ficantes
475 2279 525 2313 IV
554 2280 609 2318 75.
638 2280 695 2323 183
723 2281 769 2321 cf.
799 2281 853 2315 21.

242 2334 462 2379 ²³<vapulabit.
503 2337 666 2380 (servus)
706 2348 839 2382 pauca,
865 2338 997 2373 ·multa

290 2394 336 2434 (v.
367 2393 389 2427 ι.
422 2394 565 2437 paucis,
597 2395 739 2439 multis)
771 2395 803 2430 11
833 2396 911 2439 644,
942 2375 1014 2430 21.l

288 2449 366 2486 645.
392 2450 422 2484 1.
447 2451 480 2485 4.

242 2517 311 2540 vas
336 2506 534 2542 electionis
559 2509 624 2551 (cf.
650 2510 732 2544 Act.
756 2512 789 2551 9,
816 2511 877 2553 15)
901 2510 915 2544 I
942 2512 996 2554 56,

289 2564 320 2597 7.
358 2563 410 2598 III
447 2565 525 2608 458,
563 2565 617 2600 22.
656 2577 752 2602 vasa
787 2566 927 2603 Christi
964 2568 997 2602 ΙΙ

289 2620 366 2664 256,
397 2621 440 2656 10
466 2622 616 2666 (men).

242 2682 437 2722 vegetare:
461 2679 637 2722 (animus)
659 2680 695 2715 in
718 2691 875 2726 corpore
898 2682 996 2726 posi-

290 2738 349 2770 tus
380 2739 535 2780 vegetat
566 2737 617 2771 III
647 2739 725 2781 493,
757 2739 797 2773 14
827 2740 995 2783 (Evod.).

289 2792 372 2836 quis
422 2793 568 2828 dubitet
619 2805 687 2830 nos
738 2806 812 2831 uno
863 2796 996 2840 spiritu

1081 2220 1180 2262 ced.)
1205 2219 1258 2253 III
1285 2220 1362 2263 394,
1390 2220 1442 2254 13.
1468 2221 1546 2263 397,
1574 2220 1626 2254 11.
1652 2220 1730 2261 398,
1761 2220 1788 2253 1.

1033 2281 1162 2317 venire
1188 2292 1272 2320 cum
1298 2283 1380 2323 ints
1405 2282 1498 2318 deus
1521 2285 1706 2317 venturus
1732 2284 1789 2316 est

1081 2340 1247 2375 iudicare
1290 2340 1401 2374 vivos
1445 2344 1483 2375 et
1525 2345 1694 2374 mortuos
1739 2339 1787 2372 lv

1078 2398 1156 2434 381.
1198 2398 1239 2432 14
1277 2398 1415 2441 (symb.
1454 2398 1616 2432 Nicaem'
1654 2396 1788 2439 conen).

1079 2455 1182 2498 apud
1210 2454 1425 2499 praefectos
1452 2455 1633 2490 dixerunt
1659 2464 1698 2489 se
1726 2464 1788 2488 au·

1079 2511 1153 2547 diri
1185 2513 1336 2547 venisse
1370 2512 1404 2545 II
1436 2512 1515 2554 416,
1548 2512 1603 2546 21.
1635 2512 1788 2555 saepius

1080 2570 1117 2604 in
1141 2579 1236 2604 sacr.
1261 2569 1349 2605 lim.-
1372 2569 1461 2604 veni
1485 2569 1788 2612 Hierosolymam

1079 2626 1211 2662 videre
1250 2627 1402 2661 Petrum
1444 2626 1477 2660 II
1519 2626 1597 2669 294,
1638 2627 1670 2661 8.
1712 2636 1787 2660 non

1079 2683 1166 2718 veni
1206 2683 1327 2718 iustos
1368 2693 1507 2718 vocare
1550 2683 1616 2718 sed
1656 2693 1787 2727 pecca-

1080 2745 1181 2775 tores
1215 2741 1249 2775 11
1282 2740 1360 2784 724,
1395 2742 1434 2775 11
1470 2741 1517 2775 al.
1551 2740 1656 2776 venit
1690 2740 1787 2774 filius

1078 2798 1240 2833 hominis
1296 2808 1478 2842 quaerere
1534 2801 1571 2832 et
1627 2797 1787 2832 salvare.
