2078 3054
271 167 354 209 234

316 297 397 342 396,
444 297 496 332 16.
541 297 619 342 518,
664 297 717 331 10.
762 297 810 332 ab
853 295 1033 340 Hippone

317 355 480 391 Fussala
516 355 715 391 castellum
754 355 907 391 milibus
943 365 1034 400 qua-

318 414 501 460 draginta
539 414 812 459 seiungebatur
862 413 915 448 IV
953 413 1033 457 348,

320 472 376 515 133
417 481 502 507 cum
541 471 726 517 contigua
763 471 835 507 sibi
875 471 1032 517 regione

316 530 366 566 ad
401 529 625 575 parochiam
661 524 940 574 Hipponiensis
975 539 1034 565 ec-

317 588 458 624 clesiae
503 588 723 632 pertinebat
779 587 832 622 IV
876 588 956 633 348,
1002 588 1032 623 1.

315 646 595 691 Hipponiensis
640 646 827 683 ecclesiae
873 646 1034 691 praedia

317 705 362 740 A.
412 709 456 740 ut
507 704 686 740 dominus
737 705 1033 741 existimabatur

317 763 515 808 possidere
562 763 616 797 III
665 763 719 807 13,
768 763 823 798 11.
871 763 1036 808 populus

316 820 595 866 Hipponiensis
663 831 711 856 ex
778 831 921 866 magna
988 830 1033 856 ac

317 889 440 924 paene
475 889 523 915 ex
558 879 663 915 omni
696 883 807 924 parte
842 879 898 915 ita
931 879 1033 915 infir-

317 948 401 974 mus
424 942 519 983 erat,
540 942 585 973 ut
606 938 723 974 etiam
745 935 1033 974 levior-{causa

317 996 488 1040 potuerit
526 996 699 1044 graviter
736 1000 939 1042 aegrotare
977 995 1033 1031 III

317 1054 348 1099 2,
373 1055 406 1090 4.
432 1054 476 1090 A.
503 1054 718 1091 absentiam
745 1054 1032 1099 Hipponienses

316 1113 565 1149 vehementer
612 1113 803 1159 nimisque
851 1113 1033 1148 formida-

315 1172 410 1207 bant
441 1170 459 1206 I
490 1171 546 1217 62,
580 1171 601 1207 8
634 1175 672 1207 et
705 1171 1031 1215 periculosissime

316 1240 363 1265 ea
392 1233 504 1266 erant
534 1228 672 1266 offensi
703 1229 758 1264 III
787 1230 820 1276 2,
850 1230 885 1274 93
918 1230 964 1272 cs.
996 1229 1031 1264 II

317 1288 396 1333 742,
441 1288 494 1324 10.
547 1288 711 1324 eximius
752 1287 1031 1333 Hipponiensis

315 1346 486 1392 regionis
530 1356 732 1391 possessor
773 1351 812 1382 et
853 1347 1032 1382 dominus

315 1404 360 1440 A.
397 1405 467 1441 sub
505 1405 653 1440 ironiae
691 1405 915 1441 adulatione
951 1404 1032 1440 lau-

316 1462 434 1499 dabat
459 1462 515 1497 III
540 1463 596 1509 96,
622 1463 658 1508 53
684 1463 814 1499 unitas
840 1463 1032 1499 catholica

314 1521 465 1567 regioni
499 1521 758 1567 Hipponiensi
793 1527 835 1557 ut
869 1522 1032 1568 diligen-

315 1580 392 1615 tius
431 1584 643 1626 curaretur,
681 1580 724 1615 A.
761 1580 934 1616 Celerem
974 1590 1032 1615 ro-

315 1638 433 1683 gabat
478 1637 514 1672 II
558 1638 636 1683 215,
684 1639 740 1673 22.
787 1639 826 1674 in
872 1639 1030 1684 regione

314 1696 585 1741 Hipponiensi,
618 1697 799 1743 quoniam
832 1708 916 1733 eam
948 1698 1032 1733 bar-

313 1755 397 1790 bari
431 1765 510 1791 non
544 1755 769 1801 attigerunt,
798 1755 1031 1791 'clericorum

315 1812 608 1849 Donatistarum
659 1818 697 1850 et
749 1813 1032 1850 Circumcellio-

315 1882 406 1907 num
436 1871 642 1907 latrocinia
670 1873 882 1908 vasta-bant
912 1872 1031 1908 eccle-

316 1930 393 1965 sias
441 1929 478 1964 II
524 1930 604 1975 643,
653 1930 707 1966 11.
757 1935 943 1976 quantum
992 1931 1053 1981 111Ι

315 1997 452 2032 campo
516 1987 774 2033 Hipponiensi
836 1989 1053 2025 haeretica*

316 2046 389 2082 sibi
419 2051 587 2082 sumeret
619 2047 794 2092 audacia,
825 2047 869 2081 A.
901 2046 1032 2083 Caeci-

314 2104 417 2141 liano
479 2105 723 2141 referendum
785 2106 936 2141 cura-vit
996 2104 1032 2139 II

294 2163 394 2208 ,396,
416 2163 470 2198 17.
495 2163 539 2198 A.
564 2163 782 2199 nuntiatum
805 2168 865 2199 est
885 2163 1031 2208 Hippo-

316 2211 470 2257 nienses
513 2232 554 2257 se
595 2222 755 2257 absente
795 2233 939 2257 morem
983 2222 1030 2257 de

314 2279 529 2315 vestiendis
559 2280 795 2324 pauperibus
826 2291 909 2316 esse
940 2280 1032 2315 obli-

315 2341 376 2372 tos
414 2336 449 2371 II
486 2338 565 2381 743,
605 2337 659 2372 17.
696 2338 735 2372 111
773 2337 1031 2382 Hipponiensi

320 2396 385 2437 (se.
414 2394 551 2440 fundo)
582 2395 617 2430 II
644 2394 724 2441 659,
749 2396 781 2440 2,
811 2396 858 2431 de
886 2395 1031 2440 Hippo-

316 2453 441 2488 niensi
481 2454 547 2496 (sc.
583 2453 757 2498 regione)
794 2453 849 2488 ΙΙΙ
885 2454 939 2498 80,
978 2454 1031 2489 16.

316 2510 480 2546 ecclesia
515 2511 565 2546 ad
601 2511 923 2555 Hipponiensium
960 2512 1031 2547 Re-

315 2569 464 2613 giorum
501 2569 707 2614 dioecesim
741 2570 940 2614 pertinens
976 2567 1052 2604 111}

316 2626 369 2661 83.
399 2627 430 2662 9.
460 2626 624 2662 ecclesia
655 2628 761 2671 pacis
794 2627 1052 2673 Hipponien-3
1629 2673 1635 2677 .

1050 2682 1383 2730 {Honoratus
1418 2686 1455 2720 in
1489 2685 1722 2731 Tagastensi
1755 2695 1832 2720 mo-

317 2743 385 2777 rici
437 2742 617 2778 catholici
666 2743 834 2787 regionis
886 2743 1052 2788 Hippo-¹

318 2800 507 2835 niensium
549 2800 757 2846 Regiorum
802 2801 836 2835 II
877 2802 956 2845 407,
998 2802 1052 2852 2.5

316 2858 638 2903 Hipponiensium
677 2858 886 2905 Regiorum
923 2860 1052 2906 regiofi

317 2686 413 2720 sium
448 2685 656 2730 Regiorum
692 2685 744 2719 IV
778 2686 857 2730 373,
892 2686 924 2721 2.
959 2686 1032 2721 cle-

946 182 1088 218 Indcx
1117 183 1161 217 V.

1119 298 1344 340 praesidiali
1392 299 1508 335 edicti
1559 300 1693 346 vigore
1743 312 1834 337 non-

1120 356 1210 391 dum
1238 356 1416 392 adiuvari
1442 358 1584 394 meruit
1610 359 1644 393 II
1672 359 1751 404 396,
1782 360 1834 394 12.

1120 413 1406 458 Hipponienses
1435 420 1473 451 et
1501 416 1686 452 Pinianus
1714 427 1749 452 v.
1777 417 1835 452 Pi-

1119 471 1270 507 nianus.

1072 529 1344 574 Hispania
1376 530 1392 565 1
1425 532 1479 576 76,
1513 532 1568 567 14.
1599 532 1756 568 Orosius
1788 533 1836 568 ab

1120 588 1254 624 ultima
1313 587 1514 635 Hispania,
1574 590 1612 626 id
1671 596 1730 627 est
1788 592 1836 626 ab

1119 645 1262 682 Oceani
1306 646 1419 683 litore
1463 647 1683 692 Hipponem
1728 651 1836 685 venit

1120 704 1175 738 ΙΙΙ
1206 704 1286 749 621,
1321 705 1374 740 13.
1407 705 1564 751 quidam
1598 707 1722 742 sancti
1758 708 1833 752 epit

1120 763 1228 807 scopi
1267 763 1314 799 de
1352 762 1541 808 Hispania
1580 764 1835 810 profugerunt

1120 820 1173 855 IV
1206 820 1286 866 488,
1322 821 1355 856 3.

1071 877 1377 923 Hispanus:
1450 878 1625 924 Hispana
1684 880 1836 915 Priscil-

1116 928 1214 972 iiani
1247 937 1418 974 haeresis
1453 937 1508 972 111
1544 938 1622 983 542,
1658 939 1690 974 7.
1737 949 1834 984 quac:

1119 995 1269 1031 nefaria
1318 1005 1386 1040 per
1436 999 1560 1031 terras
1611 1000 1835 1041 perpetrata

1120 1057 1221 1098 sunt,
1265 1053 1312 1089 de
1354 1052 1538 1098 Hispanis
1582 1065 1734 1101 quoque
1777 1059 1836 1090 tot

1119 1111 1344 1156 provinciis,
1387 1122 1485 1157 quae
1528 1112 1577 1148 ab
1619 1112 1679 1148 his
1722 1113 1833 1148 malis

1119 1169 1185 1205 diu
1219 1169 1452 1205 videbantur
1484 1170 1667 1216 intactae,
1701 1181 1836 1216 coepe-

1118 1231 1208 1263 runt
1242 1228 1413 1263 nuntiari
1446 1227 1482 1262 II
1515 1228 1595 1274 643,
1631 1229 1662 1264 7.
1697 1228 1835 1273 Hispa-

1119 1296 1254 1321 norum
1295 1285 1444 1321 animas
1485 1286 1606 1322 falsae
1646 1287 1835 1332 pernicio-

1118 1349 1260 1389 saeque
1304 1344 1503 1380 doctrinae
1547 1345 1668 1380 multo
1712 1345 1835 1381 infeli-

1120 1402 1201 1437 cius
1245 1413 1359 1448 quam
1403 1412 1569 1447 corpora
1610 1403 1833 1439 barbaricus

1118 1460 1272 1505 gladius
1310 1460 1556 1506 trucidarunt
1590 1460 1647 1495 III
1685 1461 1764 1507 547,
1802 1462 1834 1497 8.

1071 1516 1259 1553 Hister
1295 1517 1312 1553 Ι
1346 1518 1401 1564 91,
1437 1518 1491 1554 11.

1070 1576 1314 1612 historia
1346 1581 1537 1622 quatenus
1569 1577 1748 1613 fortassis
1781 1577 1836 1613 in-

1117 1638 1176 1670 ter
1211 1634 1390 1670 liberales
1424 1635 1574 1671 litteras
1609 1635 1735 1679 possit
1768 1646 1835 1671 nu-

1118 1693 1258 1728 merari
1292 1692 1328 1727 II
1362 1693 1443 1741 Ι541,
1478 1693 1604 1729 8—17.

1072 1749 1389 1786 Honoratus
1467 1751 1671 1796 episcopus
1751 1761 1835 1786 cum

1118 1809 1388 1854 quaesivisset,
1429 1809 1521 1854 quid
1562 1809 1601 1844 in
1640 1809 1834 1853 periculis.

1119 1878 1217 1912 quae
1261 1867 1328 1902 illa
1370 1870 1547 1911 tempora
1588 1867 1832 1911 adtulissent,

1118 1925 1293 1970 episcopi
1332 1925 1396 1960 vel
1435 1925 1565 1961 clerici
1604 1925 1731 1961 facere
1770 1925 1834 1961 de-

1118 1983 1254 2019 berent
1288 1983 1341 2018 IV
1375 1983 1454 2027 484,
1488 1983 1522 2030 6,
1554 1982 1598 2018 A.
1631 1983 1833 2028 respondit

1118 2051 1177 2086 ep.
1203 2041 1281 2076 228.
1308 2041 1409 2077 idem
1435 2041 1600 2077 fortasse
1625 2046 1684 2077 est
1707 2040 1834 2076 Hono-

1117 2103 1224 2134 ratus
1257 2099 1332 2144 ille,
1363 2101 1428 2145 qui
1461 2099 1499 2135 in
1532 2099 1696 2135 concilio
1731 2099 1833 2135 Mile-

1117 2158 1251 2193 vitano
1282 2157 1407 2193 adfuit
1437 2157 1492 2192 III
1521 2158 1601 2202 664,
1629 2158 1661 2193 5.

1070 2218 1105 2254 H
1118 2230 1140 2254 o
1156 2231 1181 2254 n
1195 2230 1216 2255 o
1232 2231 1249 2255 r
1264 2230 1287 2255 a
1300 2223 1317 2255 t
1329 2230 1355 2255 u
1370 2230 1403 2265 S,
1454 2220 1661 2266 episcopus
1711 2220 1833 2265 partis

1117 2277 1272 2323 Donati,
1307 2278 1351 2313 A.
1387 2279 1589 2314 consilium
1625 2288 1834 2323 proposue-

1117 2340 1187 2381 rat,
1237 2341 1279 2372 ut
1330 2346 1486 2372 causam
1536 2347 1644 2372 suam
1692 2336 1832 2372 litteris

1118 2394 1217 2430 inter
1250 2405 1289 2430 se
1322 2399 1483 2440 agerent
1515 2394 1550 2429 ΙΙ
1584 2395 1661 2439 140,
1693 2396 1725 2439 7,
1757 2404 1832 2439 quo

1118 2457 1299 2496 suscepto
1330 2452 1373 2487 A.
1405 2462 1464 2497 ep.
1494 2453 1539 2488 49
1569 2453 1651 2488 eius
1680 2453 1736 2488 rei
1764 2452 1832 2487 ini-

1117 2511 1211 2546 tium
1247 2510 1374 2546 facere
1411 2521 1486 2545 non
1523 2515 1582 2545 est
1616 2514 1831 2545 cunctat-us.

1117 2567 1338 2603 Honoratus
1384 2568 1423 2603 in
1469 2568 1612 2603 vicinia
1659 2572 1741 2604 erat
1788 2568 1831 2602 A.

1117 2626 1152 2660 ΙΙ
1183 2626 1259 2671 142,
1286 2626 1341 2661 21.

1117 2744 1287 2779 nasterio
1316 2748 1398 2778 erat
1427 2743 1661 2779 constitutus
1689 2742 1725 2777 II
1752 2743 1830 2786 390,

1118 2802 1170 2836 10.
1218 2801 1448 2836 Thiavensis
1494 2801 1681 2837 ecclesiae
1728 2810 1832 2844 pres-

1116 2860 1227 2905 byter
1260 2859 1385 2894 factus
1419 2863 1478 2895 est
1509 2858 1544 2893 11
1575 2859 1656 2905 388,
1687 2859 1718 2894 6.
1751 2859 1829 2902 390,
