2078 3054
894 132 1033 166 lnnlvx
1064 132 1104 166 V.

274 247 452 292 (ellegere
478 245 673 281 debemus:
699 256 782 280 cuin
809 244 983 279 audimus

277 305 403 350 pedes,
471 303 832 348 praesentationem3
897 313 982 336 cum

273 362 448 397 audimus
488 361 632 397 oculos
672 361 870 403 visionem,
910 371 981 405 qua

274 419 486 464 cognosci.
518 429 602 453 cum
633 419 807 453 audimus
837 417 1003 463 faciem.i

274 476 460 512 notitiam.
494 488 568 520 qua
598 476 803 511 innotescit
831 477 910 519 343,
943 476 986 510 10

274 534 380 576 —143
423 534 468 574 cl.
510 534 590 576 344,
633 534 654 567 2
694 538 732 569 et
774 534 793 568 7
835 533 984 577 (Hier.).

275 590 459 635 cogitatio
526 591 701 631 carnalis,
767 595 807 625 ut
872 591 984 626 etiam

275 647 441 683 membra
491 648 560 683 «leo
611 648 879 691 attribuantur,
928 651 985 683 est

275 706 507 740 excutienda
530 705 561 739 II
587 707 664 749 716,
688 707 742 741 ²25.
764 707 858 741 deus
881 711 983 741 totus

275 763 408 797 oculus
452 768 520 806 est,
563 764 653 808 quia
694 764 822 799 omnia
866 764 982 808 videt,

275 825 379 855 totus
424 831 558 855 manus
605 828 674 861 est,
722 822 813 867 quia
857 822 986 857 onmia

274 884 468 922 operatur,
515 884 618 913 totus
666 890 732 923 pes
780 884 849 923 est,
895 872 1004 925 quia!

274 937 413 982 ubique
446 942 503 972 est
536 936 588 971 III
620 938 699 982 344,
731 939 760 972 7.

322 1005 377 1040 De
424 1006 640 1049 praesentia
685 1007 744 1041 dei
789 1006 883 1041 liber
928 1016 986 1050 ep.

277 1063 353 1097 187.
402 1074 476 1108 quo
525 1064 636 1098 modo
684 1064 778 1099 deus
826 1064 874 1099 sit
922 1074 988 1109 per

279 1124 418 1155 cuncta
461 1121 623 1156 diffusus
667 1121 717 1155 IV
757 1122 816 1164 92,
858 1122 984 1157 6-21.

275 1187 350 1212 non
395 1178 447 1213 sic
493 1179 586 1214 (leus
632 1179 761 1224 implet
807 1181 986 1214 mundum

275 1235 395 1270 velut.
432 1246 543 1280 aqua.
596 1237 701 1272 velut
753 1247 829 1279 aer,
881 1241 986 1271 velut

275 1293 358 1336 ipsa
388 1293 452 1327 lux
484 1293 535 1328 III
567 1295 643 1333 101,
676 1295 728 1328 11.
757 1295 850 1329 deus
882 1294 1003 1343 totus}

275 1349 414 1394 ubique
448 1355 504 1385 est
540 1362 719 1395 praesens
754 1352 786 1386 II
819 1353 897 1395 686,
933 1351 1001 1387 1⁴3

275 1406 439 1449 111'101,
474 1408 527 1442 13.
559 1409 638 1447 332,
673 1410 729 1452 143
762 1410 864 1445 nullo
900 1400 1004 1457 con-J

277 1467 405 1498 tentus
426 1464 511 1499 loco
534 1466 601 1500 sed
623 1466 660 1500 in
681 1477 720 1501 se
743 1468 824 1511 ipso
850 1461 1004 1517 ubique}

277 1525 380 1556 totus
411 1521 462 1556 IV
492 1522 547 1567 92,
579 1524 635 1566 19;
665 1535 731 1559 cur
761 1525 909 1560 dicatur
939 1527 986 1561 ‘in

277 1588 315 1613 se
348 1579 440 1623 ipso‘
471 1584 575 1616 totus
603 1583 659 1625 95,
686 1583 717 1617 5.
747 1583 802 1627 96,
831 1585 863 1618 4.
893 1583 1004 1628 deus,

278 1639 385 1680 pater
409 1640 447 1671 et
470 1637 567 1673 filius
592 1643 626 1673 et
652 1641 806 1684 spiritus
830 1630 1004 1676 sanctusv

276 1692 414 1737 ubique
445 1695 554 1730 simul
583 1700 671 1731 sunt
700 1697 749 1731 IV
777 1699 832 1741 93,
864 1680 1005 1760 1—17.J

278 1750 314 1784 in
352 1751 468 1786 caelis
507 1753 600 1787 deus
636 1761 842 1798 propterea
879 1761 1005 1800 prae-l

277 1812 387 1855 cipue
423 1812 562 1847 dicitur
596 1813 778 1857 habitare,
814 1815 904 1859 quia
938 1787 1004 1862 ibi}

277 1871 317 1905 tit
341 1872 520 1907 voluntas
546 1874 627 1908 eius
651 1875 823 1917 perfecta
843 1864 1004 1913 eorumst

277 1931 313 1964 in
360 1931 495 1975 quibus
542 1933 699 1972 habitat,
744 1905 1004 1981 oboedientia}

278 1990 327 2024 IV
362 1991 438 2034 118,
472 1992 525 2026 11.
559 2003 632 2037 quo
666 1995 778 2029 modo
811 1995 1004 2050 dicimuszj

278 2050 402 2099 ‘Pater
435 2057 575 2095 noster,
607 2054 670 2097 qui
703 2065 742 2089 es
775 2055 812 2089 in
845 2054 1004 2101 caelis·„'

278 2122 362 2146 cum
389 2111 527 2156 ubique
553 2116 656 2147 totus
683 2113 753 2148 sit?
781 2113 813 2147 11
840 2114 917 2157 716,
943 2106 1004 2147 153

276 2171 403 2213 -718,
440 2172 473 2206 9.
513 2171 651 2216 ubique
692 2177 747 2207 est
787 2173 881 2208 deus
922 2184 1004 2223 perf

276 2230 490 2265 divinitatis
521 2233 786 2276 praesentiam,
816 2234 883 2268 sed
911 2230 1004 2268 non'

278 2289 415 2334 ubique
449 2301 514 2334 per
547 2291 792 2327 habitationis
825 2293 985 2337 gratiam

279 2349 328 2382 IV
362 2350 417 2386 94.
451 2351 483 2384 6.
518 2361 603 2385 cum
637 2352 730 2386 deus
766 2351 904 2396 ubique
939 2353 1004 2393 sit!

277 2413 392 2449 totus,
439 2420 513 2444 non
558 2414 684 2444 tamen
731 2411 768 2445 in
812 2410 986 2446 omnibus

279 2467 425 2503 habitat
452 2468 501 2502 IV
528 2470 582 2507 93.
612 2470 663 2504 18.
688 2471 744 2513 94,
772 2470 825 2504 19.
854 2470 930 2513 113,
954 2470 1005 2504 τὴ

278 2529 333 2563 21.
373 2529 467 2564 deus
507 2529 692 2565 inhabitat
734 2531 770 2565 in
810 2530 864 2565 eis
904 2536 985 2565 tan-

278 2592 369 2631 tum,
429 2599 524 2633 quos
584 2589 711 2623 effecit
769 2588 988 2623 beatissima

277 2649 417 2693 templa
447 2659 514 2683 sua
545 2649 595 2683 IV
625 2649 700 2685 113.
728 2649 760 2682 6.
789 2649 882 2684 deus
911 2659 986 2683 non

278 2707 314 2741 in
362 2708 535 2743 omnibus
583 2709 793 2753 aequaliter
840 2708 984 2744 habitat

277 2767 327 2801 IV
360 2768 416 2812 94,
452 2769 504 2804 19.
539 2769 633 2804 deus
667 2768 705 2803 in
738 2780 777 2804 se
813 2769 894 2814 ipso
928 2774 985 2805 est

1690 120 1768 160 185

1067 244 1204 289 ubique
1241 248 1356 284 totus.
1393 255 1466 279 non
1503 245 1539 279 in
1576 246 1642 282 eis.
1677 257 1773 290 quae

1066 302 1142 337 alia
1164 303 1247 347 plus
1271 314 1354 338 eum
1378 303 1531 347 capiunt
1555 303 1629 338 alia
1652 304 1773 338 minus

1067 360 1117 394 IV
1149 361 1204 403 95,
1235 361 1268 395 5.
1300 361 1393 396 deus
1425 360 1563 406 ubique
1596 372 1774 405 praesens

1067 422 1123 452 est
1149 422 1187 453 et
1212 417 1349 462 ubique
1374 423 1477 454 totus
1502 430 1681 463 praesens
1706 430 1773 454 nec

1068 475 1206 519 ubique
1244 476 1419 511 habitans
1458 477 1523 511 sed
1561 477 1597 511 in
1635 478 1774 521 templo

1068 543 1148 571 suo.
1188 535 1247 567 cui
1287 544 1351 578 per
1389 534 1550 578 gratiam
1590 534 1775 580 benignus

1068 595 1124 624 est
1160 595 1199 625 et
1232 591 1432 635 propitius;
1468 592 1617 636 capitur
1651 597 1775 627 autem

1070 648 1244 682 habitans
1293 648 1340 683 ab
1388 649 1471 684 aliis
1521 651 1680 694 amplius
1731 651 1777 685 ab

1069 705 1152 740 aliis
1194 705 1316 741 minus
1359 707 1409 741 IV
1453 708 1529 744 116,
1570 709 1602 742 4.
1644 709 1776 743 merito

1069 763 1162 798 deus
1184 763 1323 798 dicitur
1343 764 1517 800 habitare
1537 766 1573 799 in
1595 766 1660 809 eis,
1682 777 1776 811 quos

1069 821 1275 856 seeundum
1329 823 1565 867 propositum
1618 828 1777 859 vocatos

1069 879 1332 914 iustificandos
1351 881 1698 926 glorificandosque
1718 894 1775 917 su-

1071 937 1202 980 scepit,
1254 939 1368 972 etiam
1421 943 1509 974 ante
1559 951 1671 984 quam
1724 941 1775 974 in-

1069 1004 1289 1039 corpoream
1338 996 1494 1031 valeant
1538 997 1619 1032 eius
1666 1008 1778 1032 nosse

1070 1056 1243 1088 naturam
1272 1053 1323 1087 IV
1353 1054 1429 1097 106,
1460 1055 1513 1089 12.
1543 1054 1713 1090 habitare
1742 1056 1778 1091 in

1069 1111 1237 1154 parvulis
1270 1111 1472 1156 baptizatis
1505 1114 1598 1148 deus
1630 1114 1779 1150 dicitur.

1069 1169 1158 1212 quia
1189 1170 1226 1203 in
1254 1170 1309 1205 eis
1337 1171 1484 1205 occulte
1514 1173 1603 1215 agit,
1632 1178 1671 1207 ut
1700 1173 1773 1207 sint

1070 1227 1250 1271 templum
1277 1230 1357 1262 eius
1384 1229 1497 1273 idque
1523 1231 1559 1263 in
1584 1231 1778 1274 proficien—

1069 1283 1168 1319 tibus
1202 1289 1239 1319 et
1270 1286 1500 1329 proficiendo
1535 1299 1778 1332 perseveratr-

1071 1342 1170 1376 tibus
1210 1344 1359 1386 perticit
1398 1344 1448 1377 lV
1492 1346 1566 1387 104,
1607 1347 1637 1380 6.
1679 1347 1775 1381 sicut

1069 1400 1162 1434 deus
1197 1411 1266 1435 nec
1299 1401 1348 1436 ab
1382 1402 1445 1437 illo
1479 1402 1598 1447 abest,
1634 1405 1671 1439 in
1705 1415 1778 1449 quo

1070 1470 1145 1495 non
1199 1460 1357 1504 habitat,
1411 1466 1447 1496 et
1501 1466 1605 1496 totus
1658 1463 1778 1506 adest,

1070 1518 1243 1562 quamvis
1286 1529 1369 1554 eum
1412 1519 1472 1555 ille
1513 1531 1588 1555 non
1631 1520 1778 1556 habeat.

1070 1575 1121 1610 ita
1151 1580 1188 1610 et
1219 1576 1283 1619 illi,
1314 1577 1350 1611 in
1380 1588 1454 1621 quo
1487 1577 1644 1622 habitat,
1675 1583 1778 1613 totus

1070 1637 1127 1666 est
1170 1644 1361 1677 praesens,
1402 1636 1576 1679 quamvis
1618 1646 1693 1671 non
1735 1647 1778 1672 ex

1071 1694 1151 1725 toto
1177 1701 1262 1726 eum
1288 1692 1415 1737 capiat
1440 1693 1491 1727 IV
1515 1694 1571 1737 97,
1598 1694 1650 1729 11.
1677 1694 1779 1729 habi-

1071 1754 1126 1784 tat
1169 1750 1206 1785 in
1248 1751 1407 1797 singulis
1451 1752 1544 1787 deus
1586 1757 1777 1797 tamquam

1071 1808 1107 1842 in
1147 1809 1296 1853 templis
1336 1810 1414 1845 suis
1453 1814 1490 1845 et
1529 1811 1567 1846 in
1604 1810 1778 1845 omnibus

1071 1866 1180 1901 simul
1208 1867 1244 1901 in
1272 1878 1386 1902 unum
1413 1870 1657 1912 congregatis
1684 1874 1777 1904 tam-

1070 1935 1181 1968 quam
1210 1924 1246 1958 in
1276 1926 1414 1969 templo
1443 1936 1511 1960 suo
1541 1926 1590 1960 IV
1621 1926 1696 1969 115,
1725 1927 1777 1961 18.

1070 1991 1143 2015 non
1176 1986 1233 2016 est
1266 1982 1359 2017 deus
1393 1983 1429 2017 in
1461 1983 1635 2018 omnibus
1667 1995 1778 2028 quam

1071 2041 1107 2075 in
1139 2042 1297 2086 singulis
1329 2042 1447 2076 maior
1479 2046 1516 2077 et
1547 2042 1587 2076 fit
1620 2042 1778 2086 plerum-

1070 2111 1154 2145 que,
1216 2106 1254 2136 ut
1320 2102 1445 2145 plures
1508 2112 1593 2136 eum
1657 2102 1778 2136 minus

1070 2160 1234 2205 capiant,
1259 2171 1356 2196 unus
1382 2162 1542 2206 amplius
1567 2161 1617 2196 IV
1643 2162 1699 2205 98,
1728 2162 1778 2196 16.

1116 2229 1230 2273 Deus,
1263 2230 1327 2274 qui
1362 2241 1437 2265 non
1473 2236 1529 2265 est
1566 2241 1707 2276 parvus
1742 2232 1777 2265 in

1070 2289 1212 2332 parvis,
1240 2290 1407 2325 insinuat
1432 2302 1571 2336 magna
1597 2292 1643 2326 de
1670 2292 1776 2326 mini-

1070 2349 1153 2391 mis3
1191 2350 1228 2384 in
1264 2349 1496 2384 mirabilibus
1531 2350 1630 2384 enim
1668 2348 1778 2384 rebus

1070 2412 1152 2443 tota
1204 2409 1299 2444 ratio
1354 2410 1445 2444 facti
1498 2403 1579 2444 est'
1609 2409 1779 2454 potentia

1072 2468 1247 2503 facientis
1290 2468 1341 2503 III
1385 2465 1470 2513 106,
1506 2469 1559 2503 17.
1604 2469 1680 2512 107,
1726 2469 1777 2503 12.

1070 2529 1202 2563 demus
1226 2529 1338 2563 deum
1362 2527 1504 2572 aliquid
1530 2538 1652 2573 posse.
1677 2526 1778 2572 quod

1071 2598 1139 2622 nos
1188 2588 1375 2623 fateamur
1424 2587 1654 2632 investigare
1704 2598 1778 2621 non

1070 2657 1182 2691 posse
1220 2647 1273 2682 111
1312 2649 1387 2691 107,
1425 2648 1476 2682 11.
1513 2654 1662 2683 creator
1698 2647 1776 2683 efli-

1069 2709 1213 2744 caciam
1261 2709 1471 2753 sapientiae
1518 2719 1608 2744 suae
1656 2707 1778 2745 rebus,

1069 2779 1164 2815 quae
1218 2769 1357 2804 cotidie
1411 2769 1488 2804 suis
1540 2769 1774 2813 temporibus
