2078 3054
301 120 491 155 Lxxxlx'
934 116 1177 153 Praefatio.

300 239 391 279 103.
445 237 537 278 104.
590 236 682 276 108.
733 236 827 276 216.
880 235 973 276 142.
1020 234 1112 275 158.
1162 235 1252 274 151.
1299 234 1391 275 180.
1437 233 1531 274 209,
1581 233 1675 274 229.
1720 233 1815 275 230.

297 302 391 342 231.
430 300 522 341 106.
560 300 652 340 107.
687 300 753 340 50.
791 300 853 339 11.
899 299 960 340 12.
1003 299 1098 338 206.
1143 298 1325 352 Eugippi
1363 299 1505 339 autem
1545 310 1598 338 ex
1637 296 1817 350 epistula

302 364 380 404 120
421 367 634 417 excerpta,
678 376 784 416 quae
826 363 868 402 in
912 361 1098 403 editione
1140 361 1328 415 principe
1370 367 1410 402 et
1449 359 1563 415 apud
1598 361 1816 402 Erasmum

297 442 369 482 pro
407 428 499 481 ipsa
537 431 634 468 sunt
672 426 867 480 epistula,
910 429 1131 480 postquam
1170 424 1213 465 in
1245 424 1474 466 editionem
1506 423 1817 465 Frobenianam

296 491 467 531 alteram
501 497 585 530 tota
618 489 801 543 epistula
829 488 950 531 simul
973 494 1142 542 recepta
1165 492 1241 539 est,
1277 487 1566 528 Lovanienses
1588 486 1820 528 omiserunt

296 560 335 595 et
367 555 458 595 illas
491 553 675 595 sedecim
709 553 911 607 epistulas
943 551 1203 594 adulterinas
1227 551 1452 606 Augustini
1486 549 1538 591 ad
1562 550 1817 591 Bonifatium

296 624 336 658 et
378 617 560 659 Bonifati
602 615 654 657 ad
698 616 985 669 Augustinum
1027 622 1362 669 segregaverunt
1403 620 1531 666 atque
1573 614 1614 654 in
1647 615 1818 668 Appen-

295 681 445 733 dicem,
489 693 614 733 quam
647 679 806 732 dicunt,
840 680 1091 727 reiecerunt,
1139 678 1431 733 Appendicem
1463 677 1574 719 enim
1608 690 1683 719 suo
1715 677 1820 718 libro

295 743 611 798 adiungendam
645 744 852 785 curabant
882 744 923 784 in
957 756 1135 796 eamque
1167 748 1333 797 praeter
1364 742 1457 783 illas
1489 741 1693 795 epistulas
1714 741 1820 782 alias

296 816 380 849 tres
426 807 686 849 adulterinas
734 807 1000 861 colligebant,
1048 806 1273 860 epistulam
1318 805 1372 846 ad
1422 804 1733 846 Demetriadem
1780 811 1820 845 et

297 871 526 925 Augustini
561 870 613 911 ad
648 871 850 925 Cyrillum
884 876 923 912 et
955 870 1101 924 Cyrilli
1134 870 1188 911 ad
1222 869 1521 924 Augustinum.

355 999 488 1039 Annis
540 999 646 1038 1654
695 1006 733 1039 et
790 998 895 1039 1655
944 998 1115 1040 Parisiis
1163 997 1216 1038 ab
1262 996 1568 1050 Hieronymo
1612 995 1821 1048 Vignier

297 1062 407 1104 foras
446 1061 588 1102 datum
629 1068 690 1103 est
733 1062 1136 1116 supplementum
1168 1061 1353 1102 omnium
1387 1059 1615 1114 Augustini
1647 1071 1820 1114 operum

296 1132 393 1166 ante
431 1139 588 1178 annum
622 1125 845 1167 MDCXIV
883 1124 1089 1166 editorum
1123 1124 1290 1167 duobus
1321 1123 1459 1175 tomis,
1501 1137 1678 1176 quorum
1710 1124 1821 1178 prior

295 1190 404 1230 inter
433 1189 517 1230 alia
549 1188 752 1243 epistulas
784 1188 839 1230 65
871 1189 1075 1241 continet,
1116 1193 1216 1231 sunt
1246 1193 1388 1229 autem
1420 1187 1607 1238 eaedem,
1641 1200 1745 1240 quas
1779 1187 1818 1228 in

296 1253 480 1294 editione
514 1252 783 1294 Frobeniana
819 1253 952 1294 altera
990 1258 1031 1294 et
1064 1252 1393 1294 Lovaniensium
1432 1256 1477 1292 ut
1514 1264 1647 1293 novas
1678 1264 1819 1292 acces-

295 1318 403 1359 sisse
435 1315 631 1367 vidimus,
665 1315 813 1357 eodem
844 1315 990 1357 ordine
1022 1316 1189 1358 duabus
1223 1317 1303 1370 (ep.
1330 1315 1383 1356 ’ΖΟ
1416 1319 1457 1356 et
1488 1314 1590 1369 267)
1623 1327 1723 1356 casu
1745 1314 1820 1355 ali-

298 1393 379 1432 quo
413 1379 733 1434 praetermissis.
768 1393 906 1432 neque
938 1385 1077 1420 tamen
1104 1380 1232 1421 ullum
1261 1379 1474 1434 proprium
1498 1377 1654 1419 habere
1676 1377 1822 1419 viden-

296 1449 363 1484 tur
400 1443 594 1497 pretium,
638 1443 782 1497 paucis
822 1443 931 1484 enim
972 1444 1145 1484 mutatis
1183 1442 1387 1497 repetitae
1420 1447 1518 1484 sunt
1550 1455 1602 1483 ex
1636 1440 1822 1483 editione

295 1506 638 1548 Lovaniensium.
687 1519 796 1559 quae
838 1505 992 1548 deinde
1034 1507 1076 1548 in
1118 1512 1230 1549 tomo
1272 1506 1502 1560 posteriore
1543 1505 1726 1559 epistula
1766 1505 1821 1547 ad

296 1570 553 1612 Macrobium
585 1575 797 1623 tamquam
831 1569 991 1611 inedita
1022 1576 1087 1612 est
1119 1570 1295 1625 prolata,
1338 1582 1387 1611 ea
1419 1582 1557 1611 errore
1587 1569 1821 1611 secundum

296 1633 464 1675 codices
508 1646 560 1675 ex
602 1646 757 1688 genere
799 1633 979 1675 Parisini
1027 1634 1165 1674 1219ss
1208 1633 1445 1675 ‘Macrobio‘
1488 1633 1693 1687 inscripta
1739 1639 1820 1686 est,

296 1710 392 1738 nam
425 1702 489 1739 est
521 1697 704 1751 epistula
738 1697 791 1738 23
824 1696 877 1737 ad
911 1697 1191 1738 Maximinum
1223 1696 1324 1738 data
1355 1710 1492 1750 neque
1523 1703 1609 1738 tum
1649 1696 1822 1749 inedita,

297 1759 370 1803 sed
403 1760 445 1801 in
477 1760 673 1802 omnibus
704 1774 729 1800 a
761 1760 950 1815 principe
982 1760 1239 1802 editionibus
1272 1761 1457 1814 vulgata.

354 1887 528 1929 Librum
574 1887 674 1929 solis
720 1888 949 1942 Augustini
1002 1888 1196 1942 epistulis
1247 1887 1508 1929 destinatum
1559 1887 1823 1930 Francofurti

295 1964 407 1992 anno
446 1951 551 1991 1668
584 1950 716 1992 edidit
747 1952 907 1993 Lucas
942 1951 1069 1994 Frid.
1103 1951 1358 1993 Reinhart.
1393 1965 1476 2004 quo
1507 1952 1550 1993 in
1581 1965 1707 2007 opere
1739 1965 1821 1994 non

296 2014 483 2056 recentia
513 2014 711 2056 librorum
746 2028 843 2057 mss.
879 2014 1071 2057 subsidia
1101 2015 1416 2069 circumspexit,
1449 2014 1666 2068 sed-quae
1698 2029 1821 2070 supe-

297 2078 426 2120 riores
468 2077 652 2119 editores
694 2083 1013 2132 congesserant,
1060 2079 1102 2119 in
1146 2092 1266 2121 suam
1308 2091 1394 2120 rem
1437 2084 1689 2121 convertens
1735 2079 1821 2133 cpi·

297 2141 430 2183 stulas
452 2140 678 2183 emendare
700 2142 932 2184 conabatur
954 2142 1536 2184 Lovaniensiumeditionem
1559 2143 1822 2196 potissimum

296 2210 480 2246 secutus.
524 2217 731 2247 summum
768 2211 911 2247 autem
950 2205 1137 2248 studium
1169 2206 1210 2247 in
1250 2206 1310 2248 eis
1342 2206 1607 2260 explicandis
1638 2207 1823 2261 ponebat

295 2272 424 2321 atque
455 2267 801 2311 adnotationibus
833 2269 887 2310 ad
910 2270 1144 2324 marginem
1167 2269 1348 2324 scriptis,
1382 2270 1491 2311 inter
1512 2283 1617 2323 quas
1639 2271 1823 2321 locorum

298 2345 350 2372 ex
392 2331 523 2373 sacris
564 2331 714 2375 litteris
754 2332 991 2375 adlatorum
1032 2334 1153 2388 copia
1194 2332 1408 2374 laudanda
1443 2341 1520 2385 est,
1572 2346 1655 2386 quo
1687 2334 1822 2388 magis

296 2395 624 2449 perciperentur,
657 2395 882 2438 efficiebat.
916 2402 1137 2451 praeterea
1169 2397 1445 2451 epistularum
1478 2410 1698 2438 numerum
1729 2398 1822 2440 aliis

297 2463 459 2513 septem
491 2471 543 2500 ex
581 2459 805 2513 Augustini
837 2460 1036 2514 operibus
1068 2460 1245 2503 adscitis
1276 2461 1415 2513 auxit,
1455 2460 1680 2514 epistulam
1712 2462 1822 2503 enim

304 2522 396 2574 174,
431 2536 539 2575 quae
572 2522 653 2563 iam
686 2523 728 2563 in
762 2522 992 2566 editionem
1024 2524 1257 2579 principem
1290 2529 1459 2578 recepta
1491 2523 1640 2575 fuerat,
1673 2524 1746 2566 sed
1768 2526 1822 2566 ab

297 2586 470 2628 Erasmo
508 2599 608 2628 casu
646 2586 788 2640 aliquo
826 2588 1126 2641 praetermissa
1164 2588 1234 2641 (cf.
1260 2587 1545 2642 pLXXXII)
1588 2589 1627 2628 in
1672 2588 1823 2643 ceteris

298 2662 465 2702 quoque
511 2649 770 2691 editionibus
818 2650 950 2704 deest,
999 2665 1051 2692 ex
1098 2650 1217 2692 initio
1264 2651 1463 2692 librorum
1511 2650 1576 2692 ‘de
1622 2652 1822 2693 trinitate‘

298 2712 494 2766 repetivit
530 2717 570 2753 et
607 2712 648 2753 in
682 2713 957 2767 epistularum
997 2728 1147 2769 eorpus
1179 2715 1404 2766 transtulit,
1447 2714 1650 2768 epistulas
1681 2715 1823 2756 221-

299 2776 383 2815 2⁶24
425 2789 476 2817 ex
519 2776 637 2817 initio
680 2777 772 2818 libri
817 2778 882 2819 ‘de
924 2778 1171 2820 haeresibus
1218 2778 1271 2818 ad
1316 2777 1688 2830 Quodvultdeum‘,
1736 2779 1821 2833 epi-
