2078 3054
868 104 1010 142 Index
1038 103 1081 141 V.

251 223 459 259 liberantur
513 222 563 257 IV
619 222 697 266 210,
754 223 806 257 14.
873 225 977 257 cum¹

249 292 383 325 sapere
412 281 523 315 homo
552 281 734 324 coeperit,
765 290 840 314 non
867 272 977 323 bap-l

247 340 349 374 tismi
382 343 662 374 sacramentum
697 342 856 381 repetet,
890 336 956 372 sed

249 396 447 441 intelleget
483 396 640 440 eiusque
679 395 834 430 veritati
871 405 958 429 con-

248 464 344 489 sona
378 454 491 489 etiam
530 453 729 487 voluntate
764 452 958 496 coaptabi-

249 518 309 545 tur
338 511 372 546 II
401 512 480 555 532,
508 512 540 545 3.

298 569 339 604 111
378 569 570 613 baptismo
610 569 647 603 tit
687 568 844 603 abolitio
882 576 978 602 om-·

251 627 353 661 nium
381 632 624 669 peccatorum
654 625 705 660 111
732 627 810 671 412,
837 626 872 669 6,
912 626 979 666 esd

243 684 300 717 'IV
334 685 409 728 105,
443 685 473 718 7.
507 694 582 728 quo
614 684 726 718 modo
760 683 957 728 generatio

250 753 296 776 ex
340 742 461 776 Adam
503 752 577 776 uno
620 741 760 776 delicto
802 741 959 785 obligat,

251 800 304 834 ita
338 799 578 843 regeneratio
614 810 659 834 ex
696 798 847 833 Christo
884 809 979 850 non¹

251 857 343 892 illud
374 857 555 892 delictum
586 856 706 891 solum
737 856 863 900 solvit,
893 856 979 890 sed.¹

251 915 431 960 quicquid
471 915 587 949 etiam
628 918 762 957 postea
804 924 850 949 ex
891 913 960 948 ini-

250 973 334 1018 quis
368 973 548 1016 operibus
583 972 770 1006 humanae
803 981 960 1006 conver-

251 1030 411 1065 sationis
453 1030 604 1064 accedit
645 1029 697 1063 111
739 1030 817 1069 460,
861 1029 959 1063 1-9.

250 1093 369 1132 agunt
402 1088 574 1122 homines
607 1092 695 1122 ante
728 1087 959 1131 baptismum

252 1146 527 1188 paenitentiam
567 1145 613 1179 de
653 1145 730 1179 suis
771 1145 960 1188 prioribus

252 1203 421 1246 peccatis
469 1203 523 1237 ita
570 1209 709 1246 tamen,
757 1207 798 1237 ut
845 1202 959 1237 etiam

251 1261 508 1304 baptizentur:
544 1266 664 1303 agunt.
696 1260 810 1295 etiam
844 1260 960 1295 homi-

251 1329 318 1353 nes
355 1318 643 1361 paenitentiam,
681 1318 711 1352 si
749 1322 834 1361 post
871 1318 960 1361 bap-

251 1376 403 1411 tismum
431 1376 677 1420 pe‹·caverint
704 1375 753 1409 lv
778 1376 856 1419 645,
884 1371 981 1409 1.(1.ἱ

251 1434 468 1477 baptizatus
503 1433 599 1468 albis
631 1433 803 1468 vestibus
833 1433 961 1467 candi-

251 1491 414 1526 dabatur
448 1496 487 1526 et
520 1491 826 1526 constituebatur
861 1491 961 1525 intra

252 1549 442 1583 cancellos
473 1549 641 1583 eminens
671 1553 785 1593 atque
816 1548 964 1592 conspi-

250 1618 343 1641 cuus
367 1606 519 1650 1124,5;
540 1611 648 1641 veste
664 1606 864 1641 dealbatus
880 1610 960 1640 erat

250 1665 350 1699 intra
369 1669 528 1699 octavas
548 1674 636 1699 suas
657 1663 690 1697 II
706 1664 760 1707 25,
776 1664 807 1698 ’2.
823 1664 853 1698 5.
871 1665 961 1707 bap-

250 1722 389 1756 tizatus
405 1722 576 1767 graviter
591 1722 881 1766 corripiebatur,
897 1721 959 1765 qui

254 1790 320 1823 per
358 1786 517 1815 octavas
556 1791 644 1814 suas
682 1786 821 1814 terram
859 1779 961 1813 nudo

256 1838 352 1880 pedo
393 1838 565 1882 tetigerit
609 1837 643 1871 II
685 1838 763 1881 209,
803 1837 857 1871 20.
898 1836 962 1881 qui

255 1895 427 1930 nolentes
457 1906 597 1940 negare
627 1895 830 1937 christum,
860 1900 963 1929 ante-

254 1964 365 1997 quam
395 1953 693 1996 baptizarentur,
720 1953 836 1987 occisi
864 1957 963 1995 sunt,

256 2011 339 2054 ipsa
366 2021 495 2045 eorum
521 2011 650 2053 passio
678 2021 745 2054 pro
771 2010 962 2054 baptismo

255 2068 442 2112 deputata
480 2075 536 2102 est
577 2068 627 2101 IV
665 2068 743 2112 641,
784 2068 836 2102 13.
878 2077 962 2101 cum

256 2126 390 2160 Petrus
430 2126 587 2170 negavit
627 2126 833 2169 dominum,
872 2135 964 2160 non-

254 2183 342 2217 ‹lum
384 2183 533 2218 fuerant
573 2183 740 2227 apostoli
778 2182 963 2226 baptizati

257 2251 330 2274 non
381 2247 509 2275 tamen
559 2251 660 2285 aqua
709 2240 775 2275 sed
826 2240 963 2283 spiritu

256 2303 389 2332 sancto
421 2298 470 2332 IV
500 2299 579 2341 640,
605 2299 637 2332 3.
669 2298 843 2332 Christus
874 2299 964 2341 bap-

256 2356 399 2390 tizabat
438 2367 512 2390 non
551 2365 617 2399 per
655 2366 694 2390 se
734 2356 857 2399 ipsum
897 2355 963 2390 sed

256 2422 322 2455 per
370 2413 581 2457 discipulos
629 2424 729 2458 suos,
778 2415 842 2459 qui
890 2415 963 2448 iam

256 2471 408 2505 fuerant
441 2472 626 2515 baptizati
660 2472 741 2506 sive
773 2473 963 2515 baptismo

257 2527 447 2564 lobannis.

255 2641 328 2677 bilo
373 2648 441 2686 est,
488 2645 679 2688 baptismo
726 2646 866 2682 Christi
913 2646 964 2680 IV

254 2699 333 2735 643.
371 2701 402 2734 8.

497 2529 596 2563 sicut
646 2529 819 2564 nonnulli
868 2530 964 2564 arbi-
1005 2533 1269 2568 beatitas:

255 2589 415 2620 trantur.
446 2586 538 2623 sive,
565 2587 666 2630 quod
695 2587 817 2631 magis
845 2587 985 2625 credi-,

1669 90 1746 134 147

1043 231 1118 256 non
1141 226 1268 256 tamen
1294 221 1374 265 ipse
1396 221 1609 265 baptizavit
1633 221 1749 256 mani-

1042 280 1110 314 bus
1145 280 1224 314 suis
1259 279 1307 312 IV
1342 279 1420 323 642,
1458 280 1509 313 14.
1544 279 1749 323 episcopus

1042 337 1264 380 baptizandi
1303 342 1532 380 potestatem
1572 347 1647 371 non
1686 347 1750 380 po-

1042 399 1118 429 test
1157 395 1333 430 amittere
1376 394 1449 429 nisi
1489 394 1629 429 amisso
1673 395 1750 438 epi-

1044 458 1205 496 scopatu
1242 452 1276 486 11
1317 453 1392 495 147,
1429 453 1483 487 23.
1522 452 1612 486 110νί
1647 452 1748 495 apud

1042 510 1255 545 Caelicolas
1315 510 1496 554 baptismi
1554 510 1751 544 institutor

1045 568 1078 601 11
1109 569 1185 613 121,
1216 569 1244 602 1.

998 626 1024 658 B
1040 636 1062 659 a
1078 637 1092 659 1·
1108 626 1130 660 b
1144 636 1167 660 a
1182 637 1197 659 r
1213 637 1236 659 u
1252 636 1280 667 s',
1307 636 1441 660 servus
1467 625 1528 661 dei
1544 626 1646 669 apud
1662 624 1753 669 Hip-

1044 694 1180 726 ponem
1227 684 1470 727 constitutus,
1516 684 1559 718 A.
1594 693 1652 727 ep.
1689 684 1753 717 159

1043 742 1092 777 ad
1125 742 1313 776 Evodium
1342 741 1431 776 t-ulit
1459 741 1513 775 III
1541 741 1620 785 497,
1650 741 1705 775 20.

1001 799 1270 834 Barcaeus
1322 799 1337 833 I
1388 799 1443 841 92,
1495 799 1548 834 27.
1601 799 1752 843 lateque

1045 862 1233 902 vagantes
1286 857 1443 892 Barcaei
1501 857 1646 902 (Verg.)
1700 856 1751 890 Ill

1045 915 1121 958 543,
1151 916 1202 949 17.

1000 972 1217 1007 Barcilo
1247 973 1281 1007 in
1312 972 1500 1016 Hispania
1527 972 1542 1006 I
1570 972 1624 1016 76,
1653 972 1705 1007 14.

998 1030 1275 1065 Barnabas
1308 1036 1346 1065 et
1376 1030 1513 1065 Petrus
1545 1040 1622 1065 non
1651 1033 1753 1065 reete

1045 1089 1195 1133 ingredi
1233 1089 1280 1123 ad
1319 1088 1520 1123 veritatem
1561 1087 1754 1132 evangelii

1044 1157 1066 1180 a
1111 1146 1229 1180 Paulo
1274 1146 1500 1180 dicebantur
1547 1146 1579 1179 11
1625 1146 1679 1185 72,
1723 1147 1754 1179 9.

1045 1205 1123 1248 295,
1152 1203 1321 1247 12-296,
1349 1204 1378 1238 1.
1403 1204 1482 1248 355,
1507 1204 1539 1238 4.
1568 1204 1620 1238 15.
1660 1203 1754 1237 Pau-

1046 1262 1102 1297 lus
1138 1266 1173 1296 et
1211 1261 1405 1296 Barnabas
1442 1272 1527 1296 cum
1562 1261 1754 1295 venissent

1046 1319 1300 1363 Antiochiam,
1377 1318 1597 1353 circumcidi
1663 1318 1754 1352 iussi

1047 1383 1144 1420 sunt,
1163 1377 1197 1411 ΙΙ
1228 1377 1306 1421 292,
1339 1377 1507 1421 10-293,
1540 1377 1570 1411 7.
1614 1376 1755 1410 Paulus

1046 1445 1129 1470 cum
1170 1435 1346 1469 Barnaba
1382 1440 1418 1469 et
1455 1434 1542 1469 Tito
1581 1434 1756 1469 ascendit

1048 1493 1183 1527 iterum
1210 1492 1513 1536 Hierosolymam
1539 1491 1573 1525 11
1598 1492 1676 1535 294,
1704 1492 1755 1525 10.

1001 1550 1288 1594 Barnabas,
1339 1560 1473 1584 servus
1522 1549 1594 1593 dei,
1645 1559 1755 1594 quem

1047 1608 1231 1642 Pinianus
1261 1608 1308 1642 ad
1341 1609 1385 1642 A.
1418 1608 1521 1642 misit
1554 1607 1606 1641 III
1641 1607 1693 1651 12,
1724 1608 1755 1641 6.

1001 1665 1027 1699 Β
1042 1676 1066 1699 a
1080 1677 1095 1699 r
1112 1676 1133 1699 n
1150 1676 1172 1699 a
1186 1666 1246 1700 ba
1260 1676 1276 1699 s
1297 1666 1497 1710 presbyter
1516 1665 1651 1709 adfuit,
1672 1675 1755 1699 cum

1048 1724 1090 1758 A.
1127 1734 1384 1758 successorem
1423 1723 1493 1758 sibi
1528 1723 1754 1768 designabat

1048 1781 1099 1815 lv
1129 1782 1207 1825 373,
1239 1783 1270 1816 3.

1000 1839 1057 1872 ba
1075 1839 1259 1873 silica:
1289 1839 1528 1882 appellamus
1555 1838 1755 1874 ecclesiam

1048 1897 1256 1939 basilicam,
1304 1907 1378 1941 qua
1426 1896 1644 1931 continetur
1694 1906 1757 1939 po-

1048 1954 1171 1999 pulus,
1221 1955 1285 1999 qui
1320 1965 1409 1989 vere
1447 1953 1665 1998 appellatur
1700 1963 1757 1988 ec-

1048 2013 1165 2047 clesia
1211 2012 1261 2046 lv
1296 2013 1373 2057 154,
1411 2013 1460 2046 13.
1507 2011 1553 2046 de
1598 2011 1758 2046 basilica

1048 2070 1151 2104 beati
1190 2069 1355 2114 apostoli
1397 2069 1499 2105 Petri
1539 2069 1756 2103 cotidianae

1048 2127 1284 2162 vinulentiae
1314 2127 1605 2171 proferebantur
1633 2137 1757 2161 exem-

1050 2185 1114 2228 pla
1140 2185 1153 2219 I
1182 2185 1258 2228 120,
1286 2185 1340 2220 22.

1005 2242 1026 2276 b
1041 2253 1063 2276 a
1078 2254 1094 2277 s
1110 2247 1122 2277 t
1138 2253 1160 2277 a
1174 2254 1199 2287 g
1213 2255 1236 2278 a
1406 2275 1412 2280 .

1003 2301 1264 2335 basterna
1301 2253 1371 2337 ἔν’
1401 2273 1476 2307 ‘nd'
1507 2272 1568 2306 VI'

1004 2359 1030 2392 B
1046 2370 1069 2393 a
1083 2371 1100 2393 z
1116 2371 1139 2394 a
1153 2370 1170 2394 c
1187 2371 1317 2395 enus
1353 2360 1559 2403 episcopus
1597 2360 1634 2394 111
1671 2369 1758 2393 con-

1049 2418 1135 2452 cilio
1187 2418 1482 2462 Carthaginensi
1529 2417 1654 2451 adfuit
1704 2415 1757 2449 Ill

1049 2476 1127 2519 653,
1154 2476 1185 2510 6.

1310 2533 1347 2567 in
1384 2532 1654 2567 distributione
1695 2541 1759 2566 na-

1051 2597 1220 2625 turarum
1245 2601 1430 2625 summum
1454 2595 1511 2625 est
1536 2590 1619 2634 ipsa
1641 2589 1758 2624 beati-

1049 2653 1109 2682 tas
1142 2648 1156 2682 I
1188 2648 1243 2691 45,
1276 2648 1328 2683 19.

453 2702 627 2736 t'hristus
679 2703 759 2746 ipse
809 2704 1149 2748 quidembeati
1196 2716 1326 2741 omnes
1372 2717 1454 2742 esse
1500 2707 1676 2741 volumus
1726 2706 1757 2739 ll

259 2756 469 2800 baptizavit
499 2760 718 2802 praesentia
744 2742 986 2806 maiestatis}

1050 2764 1128 2807 590,
1167 2764 1222 2798 33.
1261 2764 1351 2809 quid
1392 2765 1442 2798 sit
1480 2764 1631 2799 beatum
1674 2774 1757 2799 esse

1492 2834 1551 2867 10*
