2078 3054
299 158 397 192 XLIl
936 154 1183 189 Praefatio.

297 275 377 329 Mp.
403 274 457 315 tl1.
484 274 539 316 56
573 272 843 314 coniunctum
885 285 979 314 esse
1017 285 1143 326 supra
1177 286 1213 326 p.
1244 271 1437 313 XXXIX
1475 270 1662 313 diximus
1700 275 1741 312 et
1777 270 1819 312 in

297 339 475 392 epistula
512 336 590 379 130
622 336 757 378 codici
790 336 981 378 Palatino
1014 337 1097 376 210
1135 340 1339 390 cognatus
1377 340 1441 377 est
1478 334 1687 388 simulque
1725 347 1819 376 cum

296 415 344 443 eo
375 401 428 442 ad
461 400 644 443 deterius
683 399 871 442 codicum
910 413 1044 453 genus
1082 400 1275 454 pertinet,
1315 398 1426 452 quod
1465 398 1719 441 contrarium
1758 404 1820 441 est

294 465 440 519 generi
475 463 631 506 codicis
663 463 977 518 Monacensisf)
1017 463 1130 504 varie
1162 468 1303 505 autem
1342 462 1470 504 variis
1507 463 1702 505 manibus
1734 476 1820 505 cor-

294 528 469 583 rigendo
502 531 728 582 temptatus
760 532 823 568 est
855 540 990 580 neque
1023 539 1168 568 omnes
1200 526 1407 587 epistulae
1440 527 1595 581 pariter
1616 525 1689 568 sed
1712 526 1820 568 aliae

296 592 428 646 magis
459 591 569 633 aliae
601 591 752 641 minus,
787 589 970 631 maxime
1004 590 1209 644 epistulae
1253 591 1331 631 152
1369 594 1410 631 et
1452 591 1543 631 153.
1584 590 1820 632 discernere

295 668 393 696 vero
424 656 517 697 illas
548 668 700 696 manus
727 654 975 708 saepissime
998 659 1061 695 est
1082 651 1396 706 difficillimum3
1431 654 1659 708 conspicua
1680 658 1820 696 tamen

293 724 467 773 apparet
498 732 584 760 una
616 717 788 760 subrufo
821 717 1054 771 scripturae
1089 717 1225 759 colore
1258 719 1328 765 (m.
1360 717 1418 771 2),
1451 717 1583 759 altera
1619 717 1820 772 subnigro

296 782 367 837 (m.
392 783 448 837 3).

353 846 549 887 Eiusdem
574 845 730 887 saeculi
752 845 793 886 X
818 844 952 887 codex
985 849 1046 886 est
1069 844 1373 899 Reginensis
1397 846 1484 885 331
1513 858 1607 887 euni
1631 845 1821 900 epistulis

298 909 390 949 140.
429 909 519 950 137.
557 909 650 950 136.
689 908 781 951 138.
816 908 883 949 98.
918 912 1045 961 atque
1078 907 1188 961 quod
1220 908 1371 950 attinet
1399 908 1452 950 ad
1476 909 1698 963 epistulam
1725 909 1820 961 140,

294 973 412 1014 cuius
455 972 621 1014 initium
662 985 796 1026 usque
837 971 890 1013 ad
934 986 972 1026 p.
1008 971 1102 1023 164,
1145 972 1200 1013 25
1241 971 1361 1013 deest
1402 972 1571 1014 amissis
1612 972 1821 1026 prioribus

294 1036 448 1078 codicis
480 1036 605 1088 foliis,
639 1036 749 1077 liunc
783 1035 970 1077 codicem
1003 1049 1131 1077 unum
1164 1049 1258 1077 esse
1281 1035 1491 1077 extribus
1511 1036 1822 1089 antiquioribus

293 1105 332 1141 et
375 1099 618 1142 melioribus
667 1099 791 1141 huius
842 1099 1049 1154 epistulae
1091 1099 1208 1140 libris
1250 1112 1348 1141 mss.
1392 1112 1518 1154 supra
1560 1114 1598 1154 p.
1629 1099 1821 1141 XXXIX

293 1164 577 1218 exposuimus.
620 1162 864 1205 addendum
910 1167 973 1204 est
1014 1176 1142 1204 unum
1182 1163 1368 1205 omnium
1407 1163 1573 1218 integra
1615 1163 1821 1218 epistulae

295 1228 423 1269 verba
444 1228 695 1270 >servavisse
733 1227 776 1268 in
816 1241 855 1282 p.
891 1226 983 1279 191,
1024 1226 1097 1281 23;
1141 1226 1235 1278 192,
1279 1227 1320 1281 1;
1359 1227 1457 1279 206,
1501 1228 1570 1281 103
1612 1227 1708 1280 217,
1750 1227 1818 1284 16;

293 1290 388 1343 224,
423 1292 495 1346 21,
530 1291 626 1343 231,
659 1293 697 1332 3.
731 1291 773 1331 in
807 1291 987 1345 epistula
1024 1290 1100 1331 137
1136 1290 1322 1332 maxime
1346 1291 1539 1344 congruit
1561 1305 1655 1333 cum
1678 1290 1822 1333 codice

293 1354 532 1397 Coloniensi
576 1354 629 1395 80
668 1354 855 1408 itemque
897 1355 937 1395 in
983 1354 1164 1409 epistula
1210 1354 1289 1395 136
1333 1359 1373 1396 et
1418 1355 1496 1395 138
1540 1367 1635 1396 eum
1678 1354 1822 1396 codice

295 1418 669 1461 Clieltenhamensi
719 1418 846 1470 2173,
894 1417 945 1459 de
987 1418 1105 1460 cuius
1151 1419 1403 1473 cognatione
1450 1432 1543 1460 cum
1592 1418 1822 1472 Reginensi

291 1497 330 1537 p.
365 1483 490 1524 XXX
538 1482 798 1537 disputatum
852 1487 914 1524 est
962 1486 1002 1523 et
1047 1481 1179 1522 adlati
1226 1486 1324 1523 sunt
1366 1482 1458 1534 loci,
1511 1482 1665 1536 quibus
1711 1486 1820 1525 uter-

290 1560 371 1600 que
419 1546 642 1587 verborum
684 1545 926 1600 integritate
971 1545 1121 1587 ceteris
1158 1545 1276 1587 libris
1319 1550 1564 1600 praestaret.
1612 1546 1653 1587 in
1692 1546 1823 1588 bono-

290 1624 380 1651 rum
413 1610 541 1664 igitur
577 1609 765 1652 codicum
806 1622 979 1650 numero
1011 1608 1235 1651 habendus
1272 1615 1333 1651 est
1376 1623 1513 1663 neque
1551 1616 1692 1652 tamen
1731 1610 1822 1651 sine

291 1673 485 1715 cautione
518 1673 699 1726 quadam
733 1672 993 1724 tractandus,
1027 1673 1126 1726 quia
1156 1672 1269 1714 haud
1303 1687 1438 1728 pauca
1466 1687 1558 1715 cuin
1589 1673 1823 1716 eruditione

289 1750 339 1778 ac
370 1737 542 1779 licentia
574 1736 772 1778 videntur
804 1749 895 1778 esse
933 1737 1199 1791 interpolata.
1241 1737 1539 1790 corrigentium
1578 1750 1728 1779 manus
1759 1736 1821 1778 di·

290 1801 564 1855 stinguuntur
595 1800 717 1853 duae,
751 1800 883 1842 altera
915 1800 1035 1854 nigro
1064 1800 1297 1855 scripturae
1325 1801 1460 1843 colore
1488 1800 1682 1854 insignis,
1715 1814 1823 1854 quae

292 1865 416 1906 etiam
450 1864 802 1920 interpunctionis
834 1870 955 1906 notas
977 1864 1068 1906 sive
1091 1864 1275 1918 ponebat
1297 1865 1387 1907 sive
1410 1864 1658 1919 corrigebat,
1690 1865 1823 1907 altera

292 1942 386 1970 rara
417 1928 636 1983 pallidiore
668 1933 915 1969 atramento.

349 1993 451 2033 Item
487 1992 656 2033 saeculo
689 1992 729 2032 X
767 1992 947 2045 scriptus
987 1997 1048 2032 est
1087 1990 1221 2032 codex
1261 1992 1523 2033 Parisinus
1565 1991 1739 2045 12220,
1780 1992 1821 2033 in

291 2069 373 2108 quo
405 2060 605 2108 quattuor
636 2055 803 2110 repperi
837 2055 1058 2109 epistulas:
1104 2055 1195 2096 194.
1239 2054 1332 2096 178.
1377 2055 1468 2097 175.
1512 2055 1605 2098 181.
1645 2069 1820 2109 quarum

291 2119 398 2161 duae
441 2118 693 2173 posteriores
731 2119 862 2160 altera
901 2133 952 2161 ex
992 2119 1169 2160 concilio
1207 2118 1535 2173 Carthaginensi
1572 2119 1626 2161 ad
1668 2133 1821 2175 papam

291 2182 584 2224 Innocentium
628 2182 758 2224 missa
801 2189 876 2234 est,
919 2182 1052 2224 altera
1094 2187 1157 2224 est
1195 2182 1415 2224 Innocenti
1459 2196 1727 2238 responsum3
1770 2182 1823 2224 de

291 2245 356 2287 his
378 2245 490 2287 infra
521 2246 656 2288 fusius
689 2245 768 2287 erit
799 2245 1116 2300 disputandum.
1151 2245 1285 2289 codex
1317 2251 1461 2288 autem
1493 2246 1584 2301 ipse
1615 2260 1641 2288 a
1671 2246 1823 2288 ceteris

291 2310 545 2365 permultum
589 2309 803 2365 discrepat
841 2316 882 2351 et
918 2324 1074 2365 magna
1112 2309 1414 2365 depravatione
1455 2316 1519 2352 est
1557 2310 1822 2365 conspicuus,

294 2374 489 2427 quamvis
520 2372 751 2427 aliquando
789 2373 1015 2416 lectionum
1055 2374 1352 2428 probabilitate
1391 2374 1575 2416 eminere
1615 2374 1822 2425 videatur,

292 2443 336 2479 ut
373 2438 417 2479 in
458 2451 521 2492 ep.
559 2436 633 2477 181
676 2451 715 2492 p.
748 2437 844 2490 703,
893 2438 937 2493 4;
979 2437 1074 2490 713,
1115 2437 1159 2493 8;
1207 2438 1302 2492 714,
1340 2437 1386 2492 53
1430 2438 1500 2492 113
1547 2438 1588 2478 in
1635 2451 1699 2492 ep.
1739 2437 1819 2477 194

292 2516 329 2557 p.
366 2501 459 2554 198,
497 2502 524 2542 4
563 2514 671 2542 unus
709 2501 895 2542 omnium
935 2502 1066 2543 verba
1104 2502 1292 2543 servavit
1330 2501 1583 2556 incorrupta.
1624 2500 1698 2543 sed
1737 2501 1823 2556 epi-

292 2565 424 2607 stulas
455 2565 597 2607 multis
627 2564 730 2607 locis
752 2564 879 2607 habet
901 2564 1023 2606 valde
1046 2564 1321 2620 interpolatas
1344 2570 1385 2606 et
1406 2565 1824 2620 interpretationibus

292 2629 441 2671 alienis
473 2628 743 2670 adulteratas.
778 2634 819 2669 et
851 2629 983 2671 multo
1014 2628 1141 2670 etiam
1180 2629 1317 2683 magis
1354 2628 1513 2670 librarii
1552 2628 1823 2683 neglegentia

357 2776 626 2822 ¹)Cf.ep.130
653 2780 759 2821 pat&
791 2780 847 2821 12·
875 2781 928 2814 52
958 2782 1015 2819 11;
1044 2781 1097 2823 53,
1129 2781 1185 2821 13;
1212 2781 1264 2814 55
1295 2782 1351 2821 18·
1379 2780 1432 2813 65.
1458 2780 1495 2820 4·
1522 2781 1576 2821 66
1604 2781 1661 2822 15·
1688 2776 1820 2822 69‚'1‘2;

294 2831 346 2864 70.
374 2832 411 2865 8:
440 2831 493 2865 7.6
523 2832 581 2872 19;
609 2832 661 2865 77
689 2830 779 2865 311.
807 2830 998 2874 penuulta.
