2078 3054
853 153 992 187 Index
1020 153 1064 186 V.
1652 141 1729 181 135

235 276 394 309 vitutem
431 285 470 307 se
506 271 694 307 convertit
732 270 782 304 ΙΙΙ
821 270 874 311 13,
910 268 960 320 1ςῇ

233 333 278 372 cf.
326 332 404 370 485.
452 329 598 365 15-21,
645 328 709 362 vix
756 326 941 371 vigesima

234 389 418 434 particula
452 399 511 423 res
545 391 704 432 paterna
734 383 943 421 existimari

233 452 381 492 poterat
428 447 464 480 in
509 445 793 489 comparatione
838 452 943 487 prae-

233 507 380 540 diorum
427 504 622 541 ecclesiae.
668 513 764 547 quae
812 505 945 545 postea

233 564 435 608 episcopus
470 567 509 596 ut
544 560 718 596 dominus
754 559 943 594 existima-

236 621 345 655 batur
388 619 582 663 possidere
627 617 677 652 III
721 618 774 659 13,
816 616 941 650 9—12.

233 689 307 722 qua
344 688 381 712 re
418 677 619 721 episcopus
657 676 780 709 factus
816 674 943 708 multis

234 734 447 769 hominibus
473 744 548 768 non
574 733 729 767 divitias
756 731 943 766 dimisisse

234 792 299 826 sed
334 791 382 825 ad
416 791 571 825 divitias
605 790 756 824 venisse
791 787 943 822 videba-

235 854 294 883 tur
344 848 395 882 Ill
446 849 499 883 13.
548 849 578 882 7.
627 847 795 891 episcopi
845 846 942 880 enim

234 907 345 941 rebus
397 906 581 940 ecclesiae
632 904 818 939 dominari
870 904 943 938 exi-

234 963 485 998 stimabantur
507 963 557 996 111
580 964 634 998 13.
654 962 708 996 26.
730 961 943 996 dilexerunt

237 1022 271 1056 id
302 1022 337 1056 in
366 1032 410 1056 eo
439 1020 715 1065 Hipponienses
745 1029 866 1063 neque
894 1019 945 1053 in-

236 1079 411 1113 viderunt
437 1079 620 1113 ecclesiae
643 1077 870 1121 Tagastensi
894 1076 944 1110 Ill

238 1136 290 1172 12.
316 1136 369 1171 29.
397 1137 449 1170 13.
475 1136 506 1169 2.

284 1205 560 1249 Hipponienses
577 1204 632 1239 A..
648 1203 798 1248 quando
815 1207 945 1247 potue-

235 1268 332 1298 runt.
374 1262 588 1297 habendum
630 1262 853 1295 invaserunt
894 1259 943 1293 Ill

238 1321 289 1354 13.
346 1321 366 1353 4
425 1325 473 1353 et.
532 1322 573 1353 ut.
629 1329 713 1353 eum
772 1317 945 1361 Hippone

236 1378 453 1411 retinerent.
507 1376 708 1420 suspiciosi
762 1375 944 1410 curabant

237 1434 249 1467 I
286 1434 341 1469 62.
378 1435 408 1467 8.
447 1433 585 1477 populo
622 1433 869 1477 Hipponiensi
907 1443 945 1466 se

238 1501 388 1524 servum
431 1502 452 1525 a
494 1491 646 1525 domino
690 1491 818 1525 datum
862 1500 944 1524 esse

237 1548 327 1582 dicit
355 1548 405 1582 III
431 1549 461 1583 2.
486 1550 517 1582 4.
543 1548 753 1593 presbyteri
778 1548 944 1583 officium

241 1606 407 1650 recipere
450 1611 607 1640 coactus
652 1617 809 1650 parvum
853 1610 944 1641 tem-

239 1674 318 1707 pus.
354 1674 428 1707 quo
464 1674 502 1698 se
537 1665 583 1698 ad
620 1664 656 1698 id
691 1669 946 1708 praepararet.

236 1731 257 1754 a
309 1721 460 1755 Valerio
512 1722 691 1766 episcopo
744 1722 851 1765 epist.
903 1722 942 1755 21

238 1783 438 1826 impetrare
468 1781 677 1816 conabatur
707 1781 718 1814 l
747 1782 803 1815 50.
831 1781 862 1814 5.
890 1780 946 1815 52.

239 1840 291 1873 15.
326 1839 455 1874 multo.
489 1839 600 1873 valde
634 1839 751 1873 multo
785 1838 945 1882 amplius

238 1901 416 1941 expertus
476 1902 544 1932 est.
604 1908 714 1940 quam
777 1896 945 1940 putabat.

240 1955 328 1989 illud
367 1965 463 1989 onus
500 1955 601 1989 vires
641 1965 728 1988 suas
769 1964 946 1998 superare

237 2013 291 2046 50.
324 2013 377 2046 18.
410 2013 581 2047 Valerius
612 2012 800 2047 tractandi
830 2011 946 2047 verba

238 2070 426 2114 evangelii
459 2061 819 2114 tam'periculosum
851 2080 947 2104 onus

240 2128 283 2161 A.
316 2128 493 2172 imposuit
525 2133 560 2163 et
594 2139 706 2172 saepe
739 2128 833 2162 dixit
860 2126 947 2162 ‘ora—

239 2188 362 2222 tiones
414 2198 501 2222 suas
552 2189 596 2223 de
648 2189 727 2223 eius
777 2188 946 2222 adventu

239 2259 322 2282 csse
352 2248 550 2282 exauditas
581 2248 592 2281 l
625 2248 701 2282 118.
733 2248 783 2280 16.
816 2246 947 2280 comis-

241 2308 407 2341 sationes
436 2311 474 2341 et.
500 2307 704 2341 ebrietates
732 2310 769 2340 ut
801 2299 948 2339 sancto-

240 2377 319 2400 rum
366 2377 566 2410 corporum
614 2366 811 2415 sepulcris.
855 2365 947 2398 locis

240 2432 573 2461 sacramentorum.
606 2425 778 2460 domibus
810 2425 947 2459 oratio-

241 2497 327 2520 num
379 2490 599 2521 arcerentur
651 2486 662 2519 I
712 2487 767 2520 57.
817 2486 848 2518 5.
900 2484 947 2518 ad

242 2546 433 2581 Aurelium
483 2546 700 2590 episcopum
749 2546 856 2589 epist.
905 2545 949 2578 22

241 2606 403 2650 scripsit.
436 2607 483 2640 ad
520 2606 695 2650 Alypium
730 2606 948 2649 episcopum

242 2666 349 2709 epist.
411 2666 464 2700 29.
526 2666 773 2702 Fortunatum
835 2665 949 2699 Mani-

241 2726 398 2760 cliaeum
471 2725 620 2770 publica
691 2725 948 2769 disputatione

242 2785 383 2820 devicit
421 2785 452 2819 ΙΙ
487 2786 567 2829 346,
605 2786 657 2820 16.
695 2785 949 2828 Maximinum,

1023 269 1241 313 episcopum
1285 269 1536 306 Donatistam.
1576 269 1732 304 absente

1024 327 1203 371 episcopo
1239 327 1388 362 Valerio
1421 327 1619 372 presbyter
1651 337 1733 371 pro-

1024 385 1192 419 vocavit.
1226 390 1264 419 ut
1299 386 1422 429 palam
1455 390 1568 429 atque
1603 389 1732 430 aperte

1025 443 1194 477 recitatis
1218 448 1306 478 ante
1332 444 1511 488 populum
1538 444 1733 487 utriusque

1025 501 1160 534 litteris
1212 512 1365 535 causam
1419 512 1524 535 suam
1577 506 1735 546 agerent

1026 559 1039 592 Ι
1070 559 1124 597 71.
1156 560 1254 593 1—8.
1284 559 1339 595 72.
1370 560 1422 593 14.

1071 628 1244 662 Valerius
1287 628 1579 672 coepiscopatus
1622 629 1734 663 sarci-

1026 695 1111 719 nam
1146 686 1188 719 A.
1222 686 1387 729 inposuit
1423 686 1453 719 Il
1489 688 1520 721 4.
1553 687 1587 721 9:
1622 688 1667 727 cf.
1702 688 1734 721 8.

1026 743 1080 776 21.
1108 744 1140 779 9.
1169 744 1222 778 13.
1251 745 1304 778 18.
1332 745 1432 788 quod
1460 755 1543 779 cum
1572 745 1733 788 populus

1026 811 1163 843 magno
1207 802 1332 835 studio
1375 802 1500 837 vellet.
1544 803 1734 836 nonnullis

1029 859 1100 892 iam
1117 859 1298 903 exemplis
1315 860 1629 903 praecedentibus
1639 861 1734 895 veri-

1028 920 1088 949 tus
1111 921 1167 951 est
1190 927 1365 951 recusare
1390 917 1420 950 11
1445 919 1476 952 4.
1500 918 1551 951 12.
1573 918 1734 952 concilio

1028 973 1194 1009 Nicaeno
1248 975 1283 1009 id
1337 975 1565 1019 prohibitum
1619 976 1735 1009 fuisse

1027 1042 1148 1076 neque
1180 1032 1352 1067 Valerius
1382 1043 1503 1076 neque
1535 1033 1613 1077 ipse
1645 1034 1736 1068 scie-

1028 1089 1090 1123 bat
1130 1090 1178 1123 IV
1214 1091 1293 1133 376,
1333 1091 1385 1124 17.
1423 1091 1625 1135 episcopus
1664 1092 1735 1125 tiro

1027 1147 1303 1186 Proculianum.
1350 1149 1569 1193 episcopum
1614 1149 1737 1184 Dona-

1028 1206 1167 1240 tistam.
1205 1206 1354 1243 invitat.
1391 1212 1430 1241 ut
1469 1211 1588 1241 totam
1625 1218 1735 1251 quae-

1032 1263 1192 1297 stionem
1208 1263 1457 1298 dissensionis
1474 1275 1565 1299 suae
1582 1265 1729 1309 placide

1029 1326 1260 1364 pertractent
1294 1322 1325 1355 11
1358 1322 1413 1358 20.
1444 1322 1499 1356 24.
1532 1323 1586 1358 26.
1617 1325 1649 1356 4.
1683 1324 1736 1357 20.

1026 1378 1072 1413 ad
1101 1379 1309 1413 (inensem
1336 1380 1534 1414 ecclesiam
1560 1381 1736 1425 perrexit.

1027 1447 1100 1480 quo
1164 1448 1245 1471 eum
1307 1438 1506 1472 ordinandi
1540 1439 1736 1483 -episcopi

1028 1495 1237 1529 necessitas
1280 1495 1444 1530 vocabat
1488 1496 1519 1530 II
1564 1498 1640 1538 109,
1684 1497 1735 1531 17.

1030 1553 1106 1587 120.
1143 1554 1197 1587 25.
1236 1565 1309 1597 quo
1349 1554 1385 1587 in
1425 1553 1557 1589 itinere
1594 1554 1736 1589 Tubui·-

1028 1610 1107 1644 sicu
1129 1611 1371 1654 conloquium
1394 1611 1584 1656 publicum
1608 1612 1735 1646 habuit

1028 1681 1110 1704 cum
1163 1671 1356 1706 Fortunio.
1408 1670 1609 1705 Donatista
1662 1670 1736 1714 epi-

1028 1739 1157 1772 scopo.
1211 1729 1310 1772 quod
1366 1740 1422 1772 ep.
1477 1730 1520 1762 44
1576 1733 1737 1762 enarrat.

1027 1797 1147 1829 neque
1167 1791 1293 1820 tamen
1313 1786 1359 1819 ad
1382 1787 1491 1820 tinem
1514 1785 1736 1829 perductum

1028 1848 1096 1878 est.
1120 1844 1185 1877 sed
1210 1848 1406 1879 statutum.
1429 1847 1471 1877 ut
1494 1844 1627 1877 iterum
1650 1853 1736 1877 con-

1028 1900 1200 1935 xenirent
1252 1900 1283 1934 ΙΙ
1335 1901 1411 1936 120,
1463 1900 1609 1934 19-21.
1661 1900 1737 1937 121,

1028 1959 1151 1992 s—25.
1201 1959 1300 2002 quod
1350 1959 1539 2002 quomodo
1588 1961 1736 2002 gestum

1029 2018 1087 2054 sit.
1122 2018 1388 2061 cognoscimus
1423 2028 1468 2052 ex
1503 2028 1559 2060 ep.
1594 2018 1637 2050 43
1672 2016 1736 2059 (cf.

1030 2077 1110 2110 Iml.
1150 2076 1202 2110 III
1242 2087 1277 2120 p.
1318 2077 1387 2116 17).
1439 2075 1495 2109 Ad
1536 2074 1738 2109 nonnullos

1030 2133 1313 2168 Donatistarum
1348 2133 1558 2178 primarios·
1577 2142 1616 2167 se
1650 2131 1738 2165 scri-

1029 2192 1114 2225 bere
1160 2202 1233 2225 non
1278 2190 1635 2225 communicatorias
1682 2189 1738 2223 lit-

1030 2254 1130 2282 teras
1172 2248 1264 2282 dicit
1307 2248 1374 2282 sed
1416 2247 1510 2281 tales
1554 2247 1737 2291 privatas.

1029 2308 1202 2352 qualibus
1230 2307 1299 2342 sibi
1327 2307 1381 2341 uti
1410 2307 1522 2341 etiam
1550 2306 1596 2340 ad
1625 2315 1736 2349 paga-

1030 2379 1097 2403 nos
1146 2369 1273 2402 liceret
1325 2367 1356 2401 11
1404 2367 1459 2401 85.
1509 2367 1561 2400 19.
1610 2365 1737 2408 itaque

1030 2428 1224 2463 Honorati.
1277 2427 1447 2472 episcopi
1501 2425 1738 2464 Donatistae,

1029 2489 1240 2523 consilium.
1286 2492 1325 2522 ut
1373 2487 1508 2522 litteris
1555 2486 1651 2520 inter
1699 2495 1737 2520 se

1029 2554 1197 2592 agerent.
1221 2548 1377 2582 multum
1402 2547 1435 2582 ei
1459 2546 1600 2591 placuit
1623 2550 1737 2589 atque

1029 2618 1086 2651 ep.
1134 2608 1178 2641 49
1226 2607 1261 2641 id
1311 2606 1461 2640 efficere
1511 2604 1737 2649 properabat

1031 2666 1062 2700 ll
1102 2667 1178 2702 140.
1215 2667 1245 2700 7.
1284 2666 1381 2700 sicut
1419 2664 1616 2708 presbyter
1653 2674 1736 2698 cum

1029 2726 1235 2760 Fortunato
1302 2725 1524 2760 Manicliaeo
1591 2723 1738 2768 publice

1029 2785 1251 2830 disputavit,
1281 2785 1333 2819 ita
1360 2784 1562 2829 episcopus
1590 2792 1737 2819 succes-
