2078 3054
307 155 394 197 320
984 171 1126 208 Index
1155 173 1199 208 V.

355 292 432 316 non
473 282 595 318 solum
638 293 768 319 curam
809 283 975 329 legentis
1016 284 1071 319 in-

354 340 540 383 penderet
589 341 656 376 sed
704 341 818 376 etiam
869 352 1071 377 censuram

354 399 583 443 corrigentis
619 399 842 435 adsumeret
877 400 912 434 ΙΙ
948 401 1004 445 64,
1038 400 1070 436 8.

307 455 680 501 Simpliciola,
758 457 869 503 virgo
948 468 1070 503 sacra,

354 514 488 550 Gallae
567 515 709 550 viduae
787 515 876 561 filia,
955 516 1070 552 matri

352 576 480 608 aetate
517 573 683 618 subdita,
718 574 925 610 sanctitate
962 584 1071 618 prae-

353 630 433 665 lata
473 630 525 664 IV
564 631 643 676 371,
680 632 712 667 9.
751 642 850 677 qua-e
889 633 1070 669 mulieres

352 698 436 723 cum
484 689 522 723 in
569 689 734 733 patriam
782 695 1070 726 reverterentur

352 756 480 782 secum
517 752 719 791 portantes
753 748 937 794 reliquias
973 759 1070 784 mar-

352 805 450 849 tyris
487 804 687 851 Stephani,
723 816 782 851 ep.
819 806 887 841 212
923 807 966 842 A.
1003 817 1069 843 eas

352 863 641 899 commendavit
673 864 755 899 eius
788 864 958 911 regionis
992 865 1071 909 epi-

353 930 471 965 scopo
504 920 743 964 Quintiliano
776 922 827 957 IV
858 923 938 968 372,
971 924 1003 958 3.
1038 924 1068 958 7.

306 978 433 1014 Sina
460 990 570 1014 mons
597 979 632 1014 II
660 980 735 1025 185,
767 981 820 1016 19.
848 981 888 1016 in
915 981 1069 1017 heremo

353 1037 445 1072 Sina
477 1037 512 1071 II
544 1038 624 1083 204,
656 1038 710 1073 13.

306 1095 645 1131 Sinitensis:
691 1096 729 1131 in
774 1096 957 1133 Sinitensi
1001 1100 1071 1142 (sc.

353 1152 488 1198 fundo)
526 1153 561 1188 II
593 1154 672 1199 659,
706 1155 737 1189 2.

305 1212 328 1243 S
345 1211 353 1245 i
371 1222 393 1245 n
410 1211 421 1246 i
436 1216 451 1246 t
466 1212 476 1246 i
544 1211 773 1248 Donatista-e
837 1223 1068 1257 praeconem

352 1270 550 1315 miserunt,
605 1281 652 1306 ne
695 1272 781 1316 quis
822 1281 907 1307 cum
950 1271 1067 1307 Maxi-

351 1328 454 1363 mino
491 1329 793 1365 communicaret
828 1329 863 1364 ΙΙ
898 1330 977 1375 597,
1013 1330 1068 1365 22.

352 1387 620 1431 presbyterum
649 1398 672 1422 a
701 1387 902 1423 catholicis
932 1389 1067 1424 eodem

351 1444 507 1480 missum
543 1455 627 1480 cum
661 1446 772 1491 gravi
804 1446 946 1482 iniuria
978 1446 1068 1482 inde

352 1503 597 1546 proiecerunt
624 1503 659 1538 II
687 1504 767 1549 597,
796 1504 852 1540 26.

304 1559 429 1595 Sion
462 1572 572 1597 mons
604 1561 639 1595 II
672 1562 748 1607 185,
781 1562 834 1598 19.
868 1563 905 1598 in
936 1567 1067 1599 monte

351 1618 444 1654 Sion
468 1619 656 1664 figuratur
682 1620 848 1656 ecclesia
871 1620 906 1655 II
933 1621 1010 1666 182,
1036 1623 1067 1657 7.

350 1676 515 1712 ecclesia
580 1678 642 1713 dei
709 1682 905 1724 tamquam
975 1678 1065 1714 Sion

350 1735 537 1779 spiritalis
572 1736 606 1770 II
640 1737 720 1782 471,
754 1737 787 1772 3.

301 1792 560 1838 Siricius,
612 1795 820 1839 episcopus
868 1794 1067 1830 Romanus

350 1851 384 1885 ΙΙ
418 1852 496 1898 154,
527 1852 558 1886 2.

302 1909 448 1944 Sisin
467 1910 588 1945 nius
623 1911 810 1946 diaconus
847 1912 889 1946 A.
923 1911 1067 1955 epistu-

348 1967 422 2002 lam
466 1968 514 2003 ad
561 1968 837 2014 Hieronymum
882 1969 1066 2014 scriptam

353 2027 426 2071 (ep.
455 2027 529 2071 40),
559 2037 658 2072 quae
686 2037 763 2062 non
790 2031 875 2063 erat
901 2028 1066 2072 reddita,

349 2084 417 2119 sed
457 2084 495 2119 in
536 2084 688 2120 Italiam
726 2085 988 2130 aberraverat,
1027 2085 1065 2120 in

349 2141 475 2177 insula
510 2141 679 2178 Hadriae
716 2143 876 2188 invenit,
925 2143 1067 2179 descri-

349 2200 512 2235 bendam
569 2201 722 2236 curavit
775 2206 813 2236 et
869 2201 1066 2246 exemplar

349 2257 430 2293 sine
470 2259 754 2303 subscriptione
791 2259 840 2294 ad
878 2259 1067 2305 Hierony-

348 2327 450 2351 mum
479 2316 639 2360 pertulit
668 2316 703 2351 II
731 2317 810 2362 240,
840 2318 871 2352 7.
902 2317 982 2362 255,
1011 2317 1065 2352 1'0.

348 2373 428 2415 256,
455 2374 487 2409 2.

302 2430 603 2467 Sitifensis
639 2432 790 2478 collega
824 2432 860 2467 ΙΙ
895 2433 975 2477 401,
1010 2433 1065 2468 22.

349 2489 393 2524 Α.
431 2490 671 2525 Breviarium
711 2490 877 2535 Optatus
912 2494 1067 2536 poterat

348 2547 530 2583 facillime
579 2548 756 2592 accipere
804 2548 851 2585 de
902 2548 1068 2585 ecclesia

350 2605 524 2642 Sitifensi
564 2605 614 2640 IV
653 2606 686 2650 6,
723 2607 756 2641 3.
804 2605 851 2642 de
892 2606 1066 2642 Sitifensi

349 2663 483 2698 Severi
530 2663 703 2707 episcopi
751 2664 879 2708 neptis
927 2664 1066 2699 sancti-

349 2720 529 2755 monialis
571 2732 593 2756 a
634 2722 808 2757 barbaris
848 2721 966 2757 ducta
1007 2726 1067 2757 est

350 2777 384 2812 ΙΙ
416 2779 496 2824 654,
529 2779 561 2814 3.

303 2835 497 2871 Sitifis
532 2837 583 2871 IV
617 2837 697 2881 497,
731 2838 763 2872 7.

1110 284 1316 322 Sixtus.
1358 288 1562 334 episcopus
1603 290 1799 327 Romanus
1840 292 1874 327 lI

1158 344 1235 389 153,
1266 346 1318 380 14.

1109 411 1317 459 Sixtus,
1360 416 1564 462 episcopus
1604 417 1800 455 Romanus
1840 419 1871 454 ll

1158 472 1234 516 153,
1269 473 1322 508 19.

1110 540 1298 577 Sixtus
1356 543 1561 589 episcopus
1617 545 1655 580 in
1711 547 1875 583 concilio

1156 600 1452 646 Carthaginensi
1484 603 1610 638 adfuit
1644 604 1697 639 III
1729 605 1809 649 653,
1842 608 1874 640 4.

1108 674 1133 710 S
1148 675 1159 710 i
1174 686 1197 709 x
1213 679 1266 710 tu
1282 688 1316 720 s,
1349 676 1549 722 presbyter
1583 679 1769 716 ecclesiae
1801 680 1875 715 Ro-

1156 744 1293 770 manae
1317 735 1384 779 (IV
1405 736 1486 780 382,
1511 736 1543 771 6.
1566 737 1649 782 390,
1674 738 1744 782 16),
1769 738 1874 774 Pela-

1154 793 1356 838 gianorum
1383 794 1513 839 magni
1539 796 1721 831 momenti
1749 800 1875 841 patro-

1155 861 1227 886 nus
1266 851 1484 887 iactabatur
1521 853 1574 887 IV
1612 854 1690 899 163,
1728 854 1787 899 26;
1827 856 1873 897 cf.

1156 909 1234 952 176,
1266 910 1320 944 11.
1353 920 1430 955 qua
1459 921 1498 946 re
1529 911 1727 956 Pelagiani
1758 923 1798 949 se
1828 913 1875 948 de

1156 967 1238 1002 eius
1264 967 1440 1003 solebant
1466 969 1600 1005 efferre
1628 970 1797 1015 amicitia
1824 971 1875 1005 IV

1157 1025 1235 1069 164,
1259 1026 1291 1060 8.
1319 1025 1386 1061 sed
1413 1036 1498 1062 eum
1524 1027 1731 1062 anathema
1755 1028 1809 1064 eis
1838 1029 1874 1063 in

1155 1085 1296 1129 populo
1348 1086 1659 1131 frequentissimo
1710 1098 1875 1133 pronun-

1156 1143 1274 1179 tiasse
1297 1144 1431 1180 eadem
1454 1145 1557 1180 fama
1578 1156 1655 1181 non
1678 1146 1800 1181 tacuit
1822 1146 1873 1181 IV

1157 1202 1233 1246 176,
1265 1202 1322 1246 13;
1352 1203 1398 1244 cf.
1430 1203 1508 1247 177,
1538 1204 1592 1238 17.
1621 1206 1702 1239 tum
1731 1204 1873 1239 brevis-

1155 1259 1251 1294 sima
1271 1260 1437 1305 epistula
1457 1261 1506 1296 ad
1527 1271 1656 1297 senem
1677 1262 1870 1298 Aurelium

1154 1318 1256 1361 data,
1299 1319 1391 1363 quid
1432 1319 1479 1354 de
1519 1319 1652 1365 Pelagi
1692 1320 1873 1366 dogmatc

1154 1376 1324 1421 sentiret,
1371 1377 1560 1422 exposuit,
1606 1388 1682 1423 quo
1729 1378 1873 1414 factum

1155 1437 1224 1478 est,
1267 1438 1310 1469 ut
1352 1435 1545 1480 catholici,
1589 1436 1691 1471 sicut
1731 1436 1787 1471 ait
1830 1437 1872 1471 A.

1153 1492 1342 1527 exultanti
1405 1493 1607 1529 alacritate
1671 1494 1872 1539 epistulam

1154 1550 1415 1586 describerent
1442 1555 1491 1596 et,
1519 1551 1656 1597 quibus
1683 1556 1873 1597 poterant,

1154 1619 1293 1653 magno
1332 1609 1459 1645 studio
1496 1609 1669 1655 legerent
1706 1610 1758 1645 IV
1794 1610 1873 1655 163,

1156 1667 1212 1710 15;
1239 1667 1286 1708 cs.
1316 1667 1394 1711 176,
1423 1667 1477 1702 16.
1504 1667 1670 1713 denique
1697 1668 1745 1703 ad
1773 1678 1872 1704 com-

1155 1724 1281 1768 plures
1304 1725 1415 1760 simul
1438 1725 1642 1770 episcopos
1665 1726 1873 1770 prolixiora

1154 1782 1299 1827 scripta
1330 1782 1433 1818 misit
1466 1783 1519 1818 IV
1553 1783 1631 1828 163,
1664 1784 1696 1818 4.
1731 1783 1789 1827 21;
1825 1784 1872 1826 cs.

1156 1840 1233 1883 177,
1276 1841 1307 1875 1.
1347 1840 1396 1876 ad
1437 1851 1535 1886 quae
1577 1841 1622 1876 A.
1662 1841 1872 1886 respondit,

1153 1901 1196 1932 ut
1216 1898 1338 1942 prima
1357 1899 1526 1934 occurrit
1545 1899 1711 1943 occasio,
1731 1909 1790 1944 ep.
1806 1899 1870 1934 191

1154 1960 1192 1990 et
1221 1956 1335 2001 paulo
1366 1960 1455 2001 post
1482 1967 1540 2001 ep.
1571 1957 1649 2001 194,
1680 1967 1757 2002 qua.
1784 1967 1871 1992 con—

1153 2017 1213 2048 tra
1247 2015 1433 2050 haeresim
1467 2015 1714 2060 Pelagianam
1750 2015 1872 2050 fusius

1153 2071 1368 2107 disserebat
1393 2072 1445 2106 IV
1471 2073 1549 2117 163,
1573 2072 1605 2107 2.
1629 2072 1710 2117 382,
1734 2073 1767 2108 6.
1790 2074 1872 2117 390,

1154 2130 1208 2165 15.

1106 2198 1130 2232 S
1145 2209 1166 2234 0
1184 2210 1202 2234 c
1219 2210 1235 2234 r
1250 2209 1273 2233 a
1287 2199 1360 2234 tic
1376 2210 1398 2234 a
1445 2203 1653 2245 praecepta
1697 2200 1749 2235 IV
1792 2200 1872 2245 519,

1153 2257 1206 2292 12.
1257 2256 1496 2293 Socraticum
1543 2258 1636 2294 illud
1683 2257 1872 2293 nobilissi-

1152 2326 1253 2350 mum
1301 2315 1512 2361 inventum,
1558 2327 1633 2361 quo
1681 2316 1872 2352 adseritur

1152 2383 1228 2408 non
1274 2373 1384 2409 nobis
1430 2384 1486 2418 ea,
1532 2384 1631 2419 quae
1677 2374 1871 2418 discimus,

1152 2431 1274 2466 veluti
1340 2442 1442 2467 nova
1507 2432 1635 2477 inseri,
1700 2432 1766 2467 sed
1833 2432 1869 2467 in

1151 2490 1372 2525 memoriam
1401 2490 1670 2526 recordatione
1696 2490 1871 2526 revocari

1153 2547 1167 2581 I
1185 2547 1239 2591 14,
1255 2548 1286 2582 1.
1303 2546 1539 2583 Socraticam
1556 2548 1599 2583 Α.
1610 2547 1771 2594 putabat
1785 2558 1869 2584 esse

1153 2606 1395 2651 sententiam,
1434 2617 1510 2651 qua
1548 2606 1751 2651 diceretur,
1791 2606 1871 2652 qui-

1152 2663 1222 2698 bus
1266 2664 1360 2699 satis
1405 2654 1640 2709 persuasum*
1673 2667 1787 2709 esset,
1828 2667 1870 2699 ut

1152 2721 1245 2756 nihil
1270 2722 1429 2757 mallent
1452 2732 1492 2758 se
1518 2732 1603 2758 esse
1628 2732 1741 2767 quam
1765 2721 1870 2757 viros

1152 2778 1286 2824 bonos,
1312 2779 1370 2814 his
1397 2780 1582 2825 reliquam
1609 2780 1759 2816 facilem
1786 2790 1870 2815 esse

1152 2837 1365 2873 doctrinam
1399 2838 1451 2872 IV
1481 2838 1561 2883 517,
1593 2838 1648 2873 11.
