2078 3054
311 150 395 191 302

360 288 447 312 num
488 277 614 312 Iesum
658 277 878 322 loquentem
919 285 988 320 per
1030 285 1074 311 os

359 335 556 380 proprium
585 335 776 370 illusorem
804 335 933 379 potius
959 345 1074 380 quam

358 394 535 428 veritatis
569 394 766 429 doctorem
801 393 919 428 fuisse
953 392 1075 428 credi-

358 452 498 487 derunt
551 451 602 485 IV
654 451 732 495 532,
786 451 839 486 13.
890 451 1073 496 hymnum

358 510 504 547 dixisse
533 509 726 544 Christum
755 513 901 544 secrete
929 508 1075 543 sanctis

358 567 558 612 apostolis,
591 577 676 602 cum
709 577 941 602 ascensurus
973 571 1076 602 esset

360 626 396 660 in
420 630 588 660 montem
614 625 666 659 lv
687 625 766 669 528,
789 626 820 660 9.
845 625 945 660 hunc
968 625 1074 670 hym-

359 694 449 718 num
472 693 549 719 non
570 694 654 719 esse
678 683 716 718 in
738 693 886 719 canone
907 683 1074 728 aiebant,

358 742 449 787 quia
492 741 600 777 velut
645 746 928 777 sacramentum
973 741 1076 787 regis

363 799 676 834 abscondendum
720 799 857 834 fuisset
900 799 969 843 his,
1012 799 1076 843 qui

360 857 571 893 secundum
614 867 768 892 carnem
809 857 998 893 sent-irent
1038 859 1076 891 et

359 926 436 950 non
466 915 677 951 secundum
707 914 885 959 spiritum
911 918 949 950 et
977 914 1076 950 veri-

360 978 478 1009 tatem
516 974 580 1008 dei
617 973 670 1007 IV
707 973 786 1018 528,
826 973 879 1008 12.
921 972 977 1017 163
1028 972 1074 1014 cf.

360 1032 439 1076 529,
468 1032 523 1066 21.
552 1032 631 1077 530,
662 1032 715 1066 10.
744 1031 799 1066 23.
828 1031 884 1066 29.
912 1031 990 1076 531,
1019 1030 1075 1066 28.

360 1090 439 1135 532,
470 1091 501 1125 9.
534 1100 612 1125 non
644 1089 833 1125 rationem
862 1089 961 1124 hanc
991 1098 1075 1125 esse

359 1148 454 1183 dicit
504 1148 548 1183 A.
598 1148 665 1183 sed
713 1147 1076 1193 tergiversationem

361 1206 413 1240 IV
460 1206 539 1251 532,
586 1206 617 1242 8.
663 1206 981 1241 Priscillianistae
1027 1204 1077 1240 ad

362 1264 610 1300 ieiunandum
649 1264 711 1300 die
749 1264 944 1300 dominico
982 1263 1078 1299 sole-

361 1323 454 1358 bant
493 1322 756 1358 testimonium
797 1322 844 1357 de
884 1321 1078 1366 apostolo-

362 1392 443 1416 rum
481 1381 631 1416 actibus
666 1381 848 1416 adhibere
885 1380 920 1414 Il
955 1381 1011 1425 57,
1048 1380 1077 1414 1.

362 1439 453 1484 quid
494 1440 541 1474 de
580 1439 731 1474 animae
772 1439 921 1484 origine
963 1438 1078 1474 senti-

363 1501 458 1542 rent,
485 1498 541 1543 A„
565 1508 650 1532 cum
677 1497 862 1533 scriberet
886 1497 934 1534 de
957 1496 1077 1532 libero

362 1556 533 1600 arbitrio,
576 1555 747 1591 nondum
791 1555 995 1601 quicquam
1039 1564 1077 1588 se

363 1614 560 1649 audivisse
599 1614 694 1649 dicit
731 1613 786 1648 III
824 1613 902 1658 556,
940 1613 972 1648 9.
1011 1612 1078 1647 Ar-

362 1672 515 1717 gyrium
564 1672 602 1707 in
650 1671 967 1721 Priscillianistas
1013 1674 1079 1705 aut

362 1730 598 1766 nescientem
657 1730 822 1765 inruisse
878 1733 945 1765 aut
1003 1728 1077 1763 iam

363 1788 535 1824 eiusdem
570 1788 742 1824 haeresis
776 1788 922 1824 retibus
956 1786 1080 1831 impli-

363 1851 491 1882 catum
543 1857 627 1883 esse
678 1846 722 1881 A.
770 1846 944 1891 putabat,
993 1855 1078 1880 cum

365 1905 578 1948 scripturas
613 1904 799 1950 quasdam
837 1904 909 1939 sibi
942 1904 1080 1938 missas

364 1962 747 1998 Priscillianistarum
783 1972 867 1998 esse
902 1972 979 1997 non
1014 1961 1081 1997 du-

368 2021 510 2057 bitaret
551 2021 604 2055 IV
648 2021 727 2065 526,
770 2021 802 2055 4.
849 2019 984 2055 Orosio
1028 2019 1078 2055 ad

365 2079 553 2124 quaedam
579 2079 829 2124 interrogata,
854 2089 951 2124 quae
975 2077 1079 2112 illum

365 2137 412 2172 de
480 2137 861 2172 Priscillianistarum
930 2135 1080 2171 haeresi

365 2196 655 2239 permovebant,
715 2205 790 2229 uno
848 2194 945 2229 libro
1004 2203 1080 2228 non

366 2254 505 2298 grandi
543 2257 687 2299 quanta
726 2254 853 2298 potuit
889 2252 1080 2288 brevitate

367 2320 403 2351 et
455 2315 734 2359 perspicuitate
785 2315 828 2350 A.
880 2313 1081 2358 respondit

367 2376 422 2410 III
450 2376 528 2421 521,
556 2376 611 2411 16.

320 2456 726 2491 Priscillianus
755 2456 905 2492 censuit
933 2456 1082 2491 animas

368 2528 437 2562 pro
461 2518 607 2553 meritis
634 2518 737 2553 vitae
764 2518 904 2562 prioris
929 2522 1082 2553 terrena

368 2584 483 2625 atque
518 2580 696 2615 mortalia
729 2580 813 2614 dari
848 2580 887 2615 in
919 2589 1083 2624 corpora

370 2642 421 2675 lv
468 2643 548 2686 307,
596 2642 628 2676 5.
677 2642 842 2676 animam
882 2641 1079 2693 ἀπόρῥεῑαν

368 2703 431 2738 dei
484 2704 723 2739 substantiae
775 2714 859 2739 esse
909 2703 1084 2748 Hispana

372 2765 600 2800 l’riscilliani
632 2765 814 2809 liaeresiS,
844 2770 885 2800 ut
915 2765 970 2800 ait
997 2764 1084 2800 Hie-

372 2838 564 2872 ronymus,
593 2827 863 2871 suspicabatur
891 2827 1037 2867 111542,
1053 2827 1084 2861 6.

983 161 1126 198 Index
1151 161 1195 197 V.

1091 275 1171 310 'Pr
1188 276 1197 310 i
1214 287 1230 311 s
1246 287 1353 322 cus,
1391 278 1615 322 provinciae
1650 279 1873 316 Caesarien-

1161 334 1213 369 sis
1256 336 1475 382 episcopus,
1520 337 1685 374 clamare
1730 339 1869 383 potuit:

1161 392 1248 428 ‘Aut
1289 394 1338 428 ad
1380 394 1586 438 primatum
1628 396 1734 431 locus
1774 396 1874 432 sicut

1159 451 1297 486 ceteris
1345 456 1383 487 et
1426 452 1518 487 mihi
1563 457 1696 497 patere
1742 454 1874 490 debuit

1159 514 1226 544 aut
1261 509 1511 554 episcopatus
1548 511 1639 546 mihi
1677 522 1874 547 remanere

1162 577 1237 601 non
1261 567 1404 602 debuit‘
1429 567 1479 601 IV
1501 569 1580 614 351,
1603 569 1656 604 10.
1680 570 1718 604 in
1741 570 1873 606 eadem

1162 635 1288 669 poena
1313 636 1388 670 qna
1414 625 1496 670 ipse
1523 626 1694 663 eiusdem
1722 628 1876 671 provin-

1161 683 1242 718 ciae
1283 683 1490 728 episcopus
1533 684 1668 720 Victor
1710 685 1784 721 fuit
1824 685 1875 720 IV

1160 741 1238 786 351,
1269 741 1322 776 12.

1115 798 1494 835 l'rivationem
1588 799 1874 836 adulescentem

1161 857 1256 892 dicit
1290 857 1333 892 A.
1366 868 1388 892 a
1421 868 1461 893 se
1495 858 1664 893 nondum
1699 869 1782 894 esse
1817 869 1876 894 su-

1162 919 1336 959 sceptum
1385 915 1423 951 in
1468 916 1760 960 monasteriumj.
1809 916 1876 952 sed

1161 983 1317 1008 causam
1353 973 1475 1017 ipsius
1511 974 1560 1009 ad
1594 985 1724 1009 senem
1760 974 1876 1010 Aure-

1162 1031 1254 1066 lium
1278 1042 1317 1067 se
1343 1031 1506 1077 misisse,
1531 1036 1584 1077 ut,
1609 1032 1712 1077 quod
1738 1032 1785 1068 de
1811 1032 1875 1067 illo

1162 1089 1374 1134 statuisset,
1421 1089 1492 1124 hoc
1539 1089 1699 1134 faceret3
1746 1090 1876 1125 mirari

1163 1158 1202 1182 se
1238 1151 1377 1189 autem,
1414 1147 1445 1182 si
1482 1147 1556 1183 iam
1592 1152 1722 1192 potest
1756 1147 1877 1183 lector

1164 1206 1291 1249 putari
1325 1205 1612 1241 ecclesiasticus
1643 1204 1680 1240 II
1710 1206 1789 1251 231,
1824 1206 1877 1241 17.

1117 1263 1378 1298 Privatus
1408 1263 1537 1308 frater,
1567 1263 1628 1299 cui
1658 1264 1767 1300 heres
1797 1273 1880 1299 suc-

1164 1321 1279 1356 cessit
1313 1321 1430 1356 frater
1463 1321 1702 1357 Aemilianus
1733 1321 1767 1356 II
1798 1322 1878 1366 390,

1166 1380 1218 1414 13.
1245 1379 1345 1414 idem
1372 1379 1490 1415 fuisse
1516 1379 1671 1415 videtur
1696 1379 1877 1414 Privatus

1165 1437 1238 1482 ille,
1268 1448 1380 1483 quem
1410 1437 1582 1472 Evodius
1609 1438 1657 1473 de
1688 1442 1878 1472 monaste—

1164 1495 1220 1530 rio
1245 1495 1504 1540 praecessisse
1531 1499 1569 1531 et
1594 1505 1663 1540 per
1689 1495 1877 1530 somnium

1164 1553 1236 1588 sibi
1280 1553 1509 1598 apparuisse
1553 1553 1780 1589 meminerat
1824 1553 1878 1587 111

1163 1611 1242 1656 494,
1270 1611 1325 1646 28.

1120 1671 1307 1716 Proba,
1349 1672 1468 1707 vidua
1508 1672 1619 1708 dives
1660 1677 1698 1708 et
1740 1671 1878 1707 nobilis

1165 1734 1203 1766 et
1230 1733 1363 1768 tantae
1391 1730 1561 1766 familiae
1590 1734 1713 1766 mater
1741 1729 1796 1764 ΙΙΙ
1823 1730 1880 1774 47,

1165 1789 1200 1832 4;
1230 1788 1276 1830 cs.
1305 1789 1359 1834 75,
1391 1789 1443 1824 13.
1472 1788 1676 1824 viduitatis
1706 1788 1788 1823 eius
1817 1798 1879 1822 ne-

1166 1846 1313 1891 gotium
1353 1851 1437 1882 erat
1474 1846 1682 1890 persistere
1720 1846 1758 1880 in
1797 1856 1880 1881 ora-

1167 1904 1336 1939 tionibus
1365 1908 1477 1940 nocte
1504 1914 1548 1939 ac
1575 1904 1636 1939 die
1664 1903 1719 1938 III
1744 1904 1798 1948 40,
1826 1903 1879 1938 11.

1166 1961 1332 1998 habebat
1362 1962 1460 1998 filios
1491 1966 1528 1997 et
1559 1966 1721 2006 nepotes
1752 1972 1880 1996 nume-

1168 2030 1370 2065 rosamque
1399 2019 1583 2055 familiam
1611 2019 1666 2054 III
1693 2020 1748 2064 75,
1775 2019 1818 2054 15
1843 2023 1881 2054 et

1167 2089 1303 2113 nurum
1341 2078 1396 2122 76,
1428 2079 1460 2113 4.
1497 2077 1596 2114 aliae
1633 2081 1791 2113 sanctae
1826 2077 1881 2111 vi-

1166 2135 1265 2171 duae
1296 2135 1545 2181 virginesque
1577 2136 1647 2171 sub
1677 2135 1760 2171 eius
1790 2144 1882 2169 cura

1167 2194 1338 2229 securius
1388 2198 1498 2229 erant
1545 2193 1779 2228 constitutae
1826 2191 1881 2226 III

1167 2252 1222 2297 76,
1253 2251 1285 2287 5.
1318 2261 1404 2287 cum
1436 2251 1483 2286 ab
1514 2250 1558 2286 A.
1591 2250 1807 2296 petivisset,
1839 2253 1881 2285 ut

1168 2309 1214 2345 de
1241 2309 1387 2344 orando
1413 2309 1486 2344 deo
1512 2309 1561 2345 ad
1587 2309 1711 2354 ipsam
1735 2308 1881 2354 aliquid

1169 2368 1363 2412 scriberet,
1428 2367 1472 2402 A.
1524 2366 1562 2402 id
1615 2366 1791 2411 promisit
1844 2369 1882 2400 et

1168 2435 1227 2470 ep.
1259 2425 1324 2460 130
1352 2425 1401 2460 ad
1430 2435 1514 2460 eam
1545 2425 1652 2460 dedit
1683 2423 1736 2458 III
1766 2424 1822 2468 40,
1849 2423 1880 2458 5.

1167 2482 1433 2528 quaestionum
1483 2492 1677 2517 sacrarum
1726 2490 1884 2516 consue-

1168 2540 1340 2575 tudinem
1370 2540 1467 2574 inter
1493 2549 1559 2574 eos
1588 2539 1706 2574 fuisse
1735 2537 1881 2573 intelle-

1168 2598 1270 2642 gitur
1301 2597 1417 2633 etiam
1450 2608 1496 2632 ex
1529 2607 1588 2641 ep.
1622 2596 1699 2641 131,
1730 2606 1806 2641 qua
1839 2595 1880 2629 A.

1169 2655 1330 2690 Probam
1394 2654 1580 2689 resalutat
1639 2657 1677 2688 ‘et
1740 2652 1885 2698 gratias

1169 2712 1261 2758 agit,
1303 2712 1404 2757 quod
1446 2711 1581 2746 salutis
1620 2721 1711 2746 suae
1752 2720 1879 2745 curam

1170 2774 1318 2814 gereret
1349 2769 1402 2803 ΠΙ
1431 2769 1485 2812 78,
1513 2769 1569 2803 23.
1597 2767 1879 2803 Demetriadem

1171 2827 1460 2862 sanctimoniam
1520 2826 1745 2870 virginalem
1804 2835 1886 2869 pro-
