2078 3054
331 148 446 181 XLIV
972 146 1214 181 Pras-fario.

325 264 532 319 incipiunt
564 278 589 305 a
621 264 856 318 fragmento
889 264 1093 318 epistulae
1129 263 1267 318 187‚¹)
1306 263 1416 317 quod
1439 277 1532 306 curn
1556 265 1710 308 nullius
1732 266 1851 321 pretii

326 340 418 370 esse
450 333 625 383 pateret,
671 341 752 368 non
784 327 965 382 amplius
998 327 1210 369 curabam.
1250 326 1405 370 deinde
1437 333 1668 381 sequuntur
1699 330 1853 384 epistu-

326 392 390 433 lae
422 391 661 432 152—155.
692 390 936 432 229-231.
969 391 1062 432 130.
1090 392 1185 432 150.
1213 391 1307 432 170.
1335 391 1427 433 106.
1450 396 1576 445 atque
1598 392 1640 433 iu
1664 393 1854 447 epistulis

329 455 570 506 152--155‚
594 468 768 508 quarum
788 453 954 510 codices
976 454 1102 497 divisi
1125 459 1222 497 sunt
1243 455 1285 496 in
1309 454 1392 496 duo
1412 468 1574 509 genera
1591 455 1854 499 Monacensis

327 519 439 559 6266
476 519 667 570 alterum,
709 518 887 559 alterum
926 517 1103 560 Parisini
1145 518 1283 559 12193
1322 523 1364 560 et
1401 519 1471 571 qui
1510 523 1606 560 sunt
1637 520 1853 573 utriusque

324 582 494 634 similes,
537 595 589 624 ex
623 582 829 624 deteriore
861 581 1040 624 Parisini
1073 586 1137 624 est
1166 595 1342 637 genere3
1387 582 1439 623 cf.
1472 596 1511 637 p.
1548 582 1849 625 XVI—XVII.

324 659 433 698 quae
462 645 741 699 insequuntur
768 645 972 700 epistulae
1001 650 1085 688 tres
1113 645 1209 688 229.
1240 645 1335 687 230.
1367 646 1446 686 231
1473 650 1515 688 et
1537 651 1748 700 postrema
1774 647 1852 688 106

322 709 365 750 in
399 722 541 750 earum
574 722 750 751 numero
782 713 892 762 sunt,
926 722 1034 762 quae
1066 709 1147 751 nisi
1179 709 1220 750 in
1254 708 1469 752 codicibus
1500 709 1655 751 saeculi
1684 710 1777 762 XV,
1811 711 1850 751 in

324 773 542 815 Vaticanis
572 772 657 814 495
690 778 731 815 et
763 772 860 826 499,
893 773 1006 814 unde
1038 773 1326 815 Lovanienses
1359 786 1430 815 eas
1462 773 1504 814 in
1536 772 1671 815 lucem
1704 774 1852 816 emise-

322 842 431 889 runt,
464 836 602 878 adhuc
635 850 716 878 nou
751 841 871 878 erant
901 837 1113 878 iuventae.
1147 836 1372 891 plurimum
1404 836 1532 891 igitur
1553 835 1608 878 ad
1630 837 1851 879 restituen-

323 899 399 942 das
428 900 504 942 has
532 900 735 955 epistulas
757 900 1024 955 profecerunt
1046 900 1145 942 novi
1168 904 1209 942 et
1230 900 1360 942 multo
1388 899 1645 954 antiquiores
1672 900 1851 953 codices,

322 977 426 1017 quos
468 970 513 1005 ut
553 963 757 1005 adhibere
795 963 1016 1019 potuerim,
1059 963 1161 1005 mihi
1205 963 1393 1018 contigit,
1437 962 1549 1004 hunc
1586 964 1721 1019 ipsum
1760 964 1852 1006 dico

323 1028 652 1070 Laurentianum
694 1041 803 1070 saec.
834 1028 910 1080 ΧΙ,
953 1027 1137 1069 maxime
1178 1032 1320 1069 autem
1358 1027 1596 1069 Parisinum
1634 1041 1730 1070 nov.
1760 1041 1850 1082 acq.

327 1091 436 1132 1672
467 1104 576 1133 saec.
602 1091 722 1147 IX.2)
755 1104 846 1132 cum
880 1090 958 1140 hoe
991 1091 1135 1133 codice
1168 1091 1359 1133 Parisino
1382 1091 1693 1133 Laurentianus
1725 1091 1852 1134 etiam

322 1155 545 1210 epistulam
590 1154 672 1196 150
715 1154 842 1196 habet
889 1168 1154 1197 communem
1198 1168 1335 1208 neque
1382 1159 1545 1196 tantum
1587 1168 1851 1197 communem

322 1218 463 1271 habet,
511 1218 585 1260 sed
624 1219 755 1260 multa
793 1232 867 1273 pro
901 1219 990 1260 eius
1021 1219 1230 1260 brevitate
1263 1223 1304 1260 et
1335 1231 1491 1273 magna
1521 1218 1664 1261 insunt
1696 1232 1850 1274 cogna-

322 1282 448 1324 tionis
479 1282 649 1324 indieia.
682 1282 725 1324 in
758 1282 938 1337 epistula
972 1282 1054 1324 130
1085 1282 1240 1324 artiore
1272 1295 1367 1323 eum
1401 1281 1568 1324 vinculo
1590 1295 1684 1324 cum
1708 1282 1851 1325 codice

321 1345 551 1389 Bodleiano
585 1346 668 1387 572
700 1346 969 1388 coniunctum
1003 1359 1094 1388 esse
1127 1359 1255 1401 supra
1287 1360 1325 1400 p.
1348 1345 1585 1387 XXXVIII
1619 1345 1848 1389 docuimus.

320 1410 460 1463 itaque
506 1414 547 1451 et
586 1410 810 1451 virtut-ibus
855 1414 895 1451 et
933 1409 1047 1452 vitiis
1085 1410 1120 1451 ei
1167 1414 1231 1451 est
1261 1409 1503 1461 consimilis,
1542 1409 1655 1463 quod
1694 1410 1851 1453 ibidem

320 1473 461 1515 adlato
494 1474 651 1528 insigni
683 1473 879 1528 exemplo
901 1473 1258 1515 demonstrabam.
1293 1473 1335 1514 in
1359 1473 1541 1528 epistula
1566 1473 1647 1515 170
1668 1488 1721 1516 ex
1744 1475 1849 1529 opti-

319 1550 479 1579 morum
518 1537 707 1580 codicum
746 1550 920 1579 numero
952 1542 1033 1591 est;
1074 1551 1171 1578 nam
1209 1550 1305 1579 cum
1336 1537 1417 1578 tria
1447 1536 1506 1578 ibi
1538 1536 1622 1579 sint
1652 1537 1850 1579 librorum

319 1614 415 1642 mss.
438 1613 610 1655 genera,
644 1601 765 1642 simul
795 1614 888 1642 cum
918 1600 1062 1643 codice
1085 1601 1277 1643 Parisino
1299 1614 1395 1642 nov.
1419 1613 1512 1653 acq.
1539 1600 1650 1642 1672
1671 1606 1713 1643 et
1736 1601 1851 1644 Colo-

319 1665 458 1706 niensi
491 1665 544 1705 33
578 1665 759 1720 primum
791 1665 927 1720 locum
958 1665 1139 1719 obtinet3
1186 1664 1238 1706 cf.
1263 1679 1302 1720 p.
1325 1664 1505 1706 XXXV.
1540 1663 1582 1705 id
1615 1678 1744 1707 unum
1776 1664 1849 1706 ad-

321 1727 505 1770 dendum
546 1741 697 1771 censeo
736 1729 1004 1783 conspicuam
1044 1742 1137 1771 esse
1176 1729 1219 1770 in
1259 1728 1339 1770 hac
1377 1728 1557 1783 epistula
1595 1742 1634 1783 p.
1658 1728 1756 1780 625,
1797 1728 1848 1769 21

319 1792 711 1846 interpretationem
744 1792 925 1834 alienam
956 1792 1067 1834 inter
1098 1791 1285 1835 codicem
1316 1792 1649 1834 Laurentianum
1673 1797 1714 1833 et
1736 1792 1850 1834 Pari-

319 1856 457 1897 sinum
501 1870 596 1898 nov.
640 1869 732 1909 aeq.
771 1856 881 1897 1672
921 1869 1199 1898 communem.
1242 1855 1298 1897 ad
1338 1869 1556 1906 summam,
1600 1869 1682 1908 quo
1723 1855 1851 1898 finem

318 1919 484 1971 faciam,
515 1925 577 1961 est
600 1919 712 1974 quod
734 1919 950 1962 doleamus
973 1919 1174 1973 codicem,
1209 1920 1278 1973 qui
1303 1933 1356 1961 ex
1379 1924 1462 1961 tam
1486 1919 1713 1973 praecipuo
1734 1918 1851 1962 fonte

316 1982 490 2025 fluxisse
522 1983 729 2035 videatur,
762 1983 927 2026 mendis
960 1983 1178 2038 permultis
1210 1983 1435 2036 verbisque
1468 1982 1558 2024 sive
1589 1982 1852 2038 interpolatis

319 2047 409 2089 sive
441 2047 748 2101 praetermissis
779 2051 1000 2102 tantopere
1033 2060 1126 2089 esse
1159 2046 1447 2102 depravatum.

376 2111 492 2152 Alter
533 2110 667 2153 codex
710 2110 868 2152 saeculi
911 2111 972 2152 XI
1019 2115 1082 2153 cst
1125 2110 1481 2166 Sangallensis
1526 2110 1617 2150 148
1651 2115 1691 2152 et
1723 2109 1853 2152 habet

320 2174 521 2228 epistulas
554 2174 645 2216 121.
673 2174 768 2216 149.
794 2174 888 2215 102.
916 2175 1010 2215 164.
1040 2174 1133 2216 140.
1158 2188 1335 2228 quarum
1359 2174 1467 2215 duae
1489 2173 1661 2228 priores,
1685 2174 1851 2216 Paulini

318 2238 371 2278 ad
414 2237 700 2291 Augustinum
747 2242 787 2279 et
836 2238 1062 2293 Augustini
1104 2237 1158 2279 ad
1201 2237 1437 2289 Paulinum,
1486 2237 1596 2278 infra
1638 2250 1713 2279 suo
1761 2238 1850 2279 loco

319 2302 771 2343 commemorabuntur.
807 2302 848 2342 in
882 2302 1072 2356 epistulis
1108 2302 1187 2342 102
1221 2306 1262 2343 et
1287 2301 1368 2342 164
1385 2300 1569 2342 maxime
1591 2300 1646 2341 ad
1669 2301 1847 2343 Parisiui

316 2379 412 2407 nov.
436 2378 526 2418 aeq.
555 2366 667 2406 1444
689 2364 1005 2407 similitudinem
1035 2365 1223 2417 inclinat,
1254 2365 1368 2407 velut
1396 2378 1489 2406 cum
1519 2378 1567 2406 eo
1600 2368 1757 2406 etcum
1782 2378 1847 2406 co-

316 2429 482 2470 dicibus
514 2428 702 2471 eiusdem
725 2429 906 2482 generis,
940 2443 1032 2470 cum
1058 2429 1300 2471 Monacensi
1323 2428 1449 2480 6266,
1473 2427 1787 2482 Salisburgensi
1810 2428 1849 2469 X

319 2493 387 2545 29,
421 2492 852 2546 Andomaropolitauo
894 2492 948 2532 76
980 2492 1023 2533 in
1057 2492 1237 2546 epistula
1275 2492 1353 2532 164
1385 2506 1423 2546 p.
1457 2491 1554 2542 522,
1594 2492 1643 2532 18
1676 2497 1717 2533 et
1750 2492 1847 2543 526,

320 2556 374 2597 23
407 2556 512 2598 duas
545 2556 794 2610 conspicuas
826 2556 1197 2611 interpretationes
1238 2556 1400 2598 alienas
1432 2554 1559 2597 habet
1592 2568 1845 2597 communes.

320 2634 401 2673 qua
438 2625 579 2661 autern
612 2619 859 2662 condicione
898 2620 951 2662 sit
989 2620 1097 2661 inter
1135 2619 1301 2661 codices
1340 2619 1544 2674 epistulae
1587 2620 1680 2673 140,
1723 2633 1848 2674 supra

379 2770 408 2811 ¹)
438 2768 625 2812 Epistulae
654 2769 793 2803 initium
822 2781 840 2803 ιι
869 2781 900 2813 p.
928 2773 980 2812 81,
1009 2772 1132 2813 3—23,
1162 2772 1202 2805 12
1231 2772 1380 2814 iamque.

385 2823 413 2849 ²¹.
442 2819 495 2853 (if.
523 2831 555 2864 p.
587 2821 723 2855 XXVI.
