2078 3054
254 157 337 198 244

252 519 572 555 Iubaianus:

252 1045 505 1081 Iudaeus:

254 286 359 321 Ital
376 296 399 321 u
414 296 450 321 s:
476 286 539 322 lex
565 285 794 322 Iudaeorum
818 286 1014 331 prorepsit

300 344 415 379 etiarn
450 344 488 379 in
521 344 615 379 fines
649 344 767 380 Italos
801 348 890 388 post
921 344 1014 379 Cae-

301 413 423 438 sarem
451 401 588 437 Gaium
615 406 680 437 aut
706 406 808 438 certe
835 402 920 446 ipso
947 402 1014 437 im-

299 464 459 504 perante
495 459 530 494 ΙΙ
566 461 643 504 552,
682 461 708 495 1.
745 461 775 495 7.

623 520 808 564 Cypriani
845 519 1014 563 epistula

297 577 347 613 ad
376 577 600 613 Iubaianum
634 577 669 612 II
699 578 777 623 481,
808 578 861 613 15.

254 637 263 671 1
282 648 304 671 u
320 637 344 672 d
359 648 382 672 a
396 648 416 673 e
431 648 452 672 a
468 649 502 673 m
545 637 731 673 ecclesiae
772 647 1013 683 praeponen-
1030 655 1032 665 ι

298 703 355 731 tes
395 695 631 731 ventricolae
670 695 702 729 Il
741 696 796 741 34,
838 696 868 731 1.
906 695 1013 731 Chri-

298 757 379 789 stus
405 754 508 789 intra
532 753 697 789 Iudaeae
724 754 902 799 regiones
927 764 1012 789 ver-

297 812 454 847 sabatur
485 812 537 846 IV
570 812 648 858 502,
682 812 733 847 19.
765 812 1011 857 evangelium

297 870 424 914 coepit
447 870 495 905 ab
519 869 758 905 Hierusalem
783 876 898 916 atque
922 870 1011 906 inde

296 928 335 962 in
367 928 549 963 Iudaeam
584 933 619 963 et
655 927 866 963 Samariam
903 933 940 963 et
972 928 1011 962 in

296 997 429 1022 omnes
455 990 591 1032 gentes
619 986 710 1021 exiit
742 986 775 1020 ΙΙ
802 987 879 1030 466,
907 987 938 1022 9.

561 1046 592 1080 si
633 1046 718 1091 quis
759 1046 903 1081 veteris
945 1037 1031 1090 pos*

295 1103 376 1148 puli
419 1104 658 1148 temporibus
705 1104 870 1140 Iudaeus
915 1079 1031 1148 erat,¹

294 1162 510 1207 accipiebat
566 1162 697 1208 utique
753 1162 1011 1197 circumcisio-

297 1230 381 1255 nem
410 1220 425 1254 Ι
449 1221 504 1265 67,
530 1220 588 1264 21;
612 1221 659 1261 cs.
684 1220 718 1254 ΙΙ
743 1221 821 1265 297,
847 1221 899 1255 11.
926 1220 1009 1264 ipse

295 1279 461 1313 carnalis
499 1279 665 1322 populus
703 1278 932 1314 Iudaeorum
971 1278 1009 1312 in

295 1336 438 1380 templo
465 1347 541 1371 non
567 1336 688 1371 solum
715 1336 916 1372 vinulenta
941 1335 1009 1371 sed

296 1405 363 1429 nec
388 1395 516 1430 sobria
536 1394 689 1440 quidem
712 1405 891 1440 umquam
913 1394 1010 1430 cele-

296 1453 421 1487 bravit
447 1452 629 1488 convivia
653 1451 669 1487 I
694 1453 771 1498 115,
795 1453 850 1487 24.
875 1451 1009 1488 Iudaei

293 1514 442 1546 tantum
473 1510 588 1546 modo
617 1521 787 1546 mensem
820 1521 1008 1546 novorum

293 1574 330 1604 et
375 1569 505 1604 lunam
549 1569 760 1604 observant
804 1580 827 1604 a
871 1573 1010 1615 quarta

292 1627 444 1662 decima
490 1637 611 1672 usque
659 1627 884 1663 vicesimam
933 1627 1008 1671 pri-

293 1696 392 1720 mam
423 1684 459 1719 II
491 1685 569 1730 186,
601 1685 654 1720 18.
687 1685 756 1722 sed
786 1685 1008 1721 addendum

294 1747 424 1788 patres
452 1743 575 1779 nostri
602 1748 846 1789 censuerunt,
874 1748 915 1779 ut
943 1754 1008 1779 no·
1026 1779 1033 1784 ,,

293 1805 374 1836 stra
408 1801 603 1837 festivitas
637 1813 661 1837 a
693 1801 922 1837 Iudaeorum
956 1801 1008 1837 fe-

293 1859 467 1895 stivitate
497 1859 802 1905 distingueretur
832 1859 866 1894 11
883 1860 961 1905 187,
974 1860 1006 1895 3.

292 1917 393 1953 diem
429 1918 582 1953 sabbati
615 1927 683 1962 per
718 1918 838 1953 otium
874 1927 1007 1962 corpo-

293 1975 370 2011 rale
415 1976 624 2011 observant
667 1976 801 2012 Iudaei
841 1980 879 2011 et
922 1976 1008 2020 ipsa

292 2044 421 2068 eorum
479 2034 700 2069 observatio
760 2034 833 2069 nisi
892 2033 1006 2068 aliam

292 2091 486 2136 quandam
554 2091 768 2135 spiritalem
835 2091 1005 2137 requiem

293 2149 495 2194 significet,
535 2150 699 2185 ridenda
739 2150 930 2185 iudicatur
971 2149 1005 2183 ΙΙ

294 2208 369 2251 193,
406 2208 460 2243 13.
493 2208 786 2243 observationes
819 2208 915 2253 legis
949 2217 1006 2242 sa-

291 2265 382 2300 lutis
437 2265 668 2301 necessitate
723 2265 857 2301 Iudaei
911 2265 1006 2301 cele-

292 2323 460 2358 brandas
482 2324 671 2367 putabant
689 2322 725 2358 II
747 2324 802 2369 76,
822 2324 843 2358 9
864 2328 902 2359 et
924 2323 1005 2359 sine

293 2381 367 2415 illis
405 2381 603 2417 veteribus·
641 2381 894 2417 sacramentis
934 2381 1006 2416 sal—

293 2449 363 2474 vos
386 2449 426 2474 se
450 2450 532 2474 esse
555 2449 632 2474 non
653 2449 767 2483 posse
790 2439 825 2473 II
846 2439 925 2484 357,
949 2439 1005 2473 20.

292 2507 360 2541 per
390 2498 613 2541 scripturas,
643 2508 738 2542 quas
768 2501 912 2542 tenent,
941 2496 1006 2531 ad-

291 2555 509 2590 nuntiatum
541 2559 625 2590 esse
655 2555 781 2590 Iesum
811 2555 1004 2591 Christum

292 2624 331 2648 se
374 2613 598 2658 intellegere
640 2618 678 2648 et
720 2613 852 2648 videre
895 2613 1005 2648 dissi-

291 2671 439 2706 mulant
467 2671 500 2705 ll
529 2671 607 2715 696,
635 2672 667 2706 3.
695 2670 766 2706 soli
793 2682 839 2706 ex
866 2671 1005 2713 veteri-

291 2729 360 2763 bus
392 2733 545 2774 praeter
575 2728 835 2764 Christianum
866 2739 1004 2764 nomen

293 2787 327 2821 in
368 2786 650 2822 conventiculis
688 2787 768 2822 suis
805 2787 1004 2832 aliquanto

293 2845 527 2888 frequentius
580 2844 786 2889 perdurant
841 2844 873 2878 II
927 2845 1007 2888 696,

925 171 1069 208 Index
1096 171 1140 208 V.

1101 287 1130 321 1.
1166 291 1321 322 sanetus
1356 287 1417 323 ille
1451 288 1692 333 Pharisaeus,
1726 299 1816 335 qua-

1099 344 1153 379 les
1190 344 1321 380 Iudaei
1355 346 1478 380 sancti
1514 350 1612 390 sunt,
1648 351 1816 392 reporta-

1099 402 1155 436 vit
1215 403 1403 437 sarcinam
1465 408 1707 448 peccatorum
1769 405 1815 440 de

1101 459 1284 495 iactantia
1353 462 1570 496 sanctitatis
1636 462 1669 496 11
1735 463 1814 507 725,

1101 517 1154 551 17.
1214 518 1343 553 ludaei
1403 519 1589 554 destructi
1649 524 1737 554 sunt
1794 530 1817 554 a

1098 576 1220 610 veteri
1267 586 1337 610 sua
1379 576 1501 622 gloria
1548 577 1628 612 sine
1673 577 1815 622 templo

1098 637 1134 667 et
1174 633 1256 668 sine
1293 634 1491 670 sacrificiis
1527 645 1571 669 ac
1609 635 1690 671 sine
1728 645 1812 679 pro-

1099 691 1224 733 phetis
1258 691 1295 726 in
1329 692 1497 727 omnium
1530 693 1703 737 gentium
1738 694 1813 729 dis-

1098 749 1276 791 persione
1316 750 1494 786 viventes
1550 750 1583 784 ΙΙ
1639 751 1717 796 728,
1771 752 1812 786 13

1097 807 1252 851 (Palm).

1144 870 1286 905 Paulus
1331 871 1462 917 utique
1507 871 1673 908 Iudaeus
1718 878 1812 917 erat,

1097 927 1339 964 Christianus
1386 934 1515 965 autem
1563 930 1688 965 factus
1735 941 1811 966 non

1029 995 1031 1028 ς
1097 985 1326 1022 Iudaeorum
1370 993 1613 1023 sacramenta
1652 988 1811 1035 relique-

1098 1051 1167 1089 rat,
1204 1056 1301 1090 quae
1337 1046 1613 1081 convenienter
1649 1046 1710 1081 ille
1747 1056 1812 1091 po-

1097 1103 1210 1146 pulus
1244 1107 1282 1138 et
1314 1103 1485 1149 legitime
1519 1108 1704 1149 tempore,
1736 1114 1811 1150 quo

1097 1161 1313 1206 oportebat,
1350 1167 1555 1207 acceperat
1591 1162 1626 1196 II
1664 1163 1718 1207 73,
1758 1163 1811 1198 13.

1095 1219 1174 1264 301,
1199 1220 1252 1255 14.
1276 1220 1355 1265 304,
1382 1220 1434 1255 16.
1459 1220 1658 1264 apostolos
1681 1221 1811 1256 decre-

1095 1277 1199 1313 visse
1249 1278 1344 1313 dicit
1395 1278 1449 1323 A.,
1512 1289 1558 1314 ne
1607 1279 1808 1324 quisquam

1095 1339 1231 1380 gentes
1278 1340 1435 1381 cogeret
1481 1337 1688 1382 iudaizare,
1734 1347 1809 1372 non

1095 1398 1223 1429 autem
1258 1394 1490 1440 decrevisse,
1525 1405 1572 1430 ne
1607 1395 1808 1442 quisquam

1099 1456 1189 1487 tunc
1235 1452 1398 1488 Iudaeos
1444 1453 1639 1489 iudaizare
1682 1453 1808 1498 prohi-

1095 1510 1213 1555 beret,
1243 1511 1420 1555 quamvis
1451 1511 1567 1548 etiam
1598 1511 1704 1556 ipsos
1735 1512 1808 1546 iarn

1094 1568 1272 1604 doctrina
1302 1568 1523 1604 Christiana
1549 1580 1626 1604 non
1654 1574 1809 1615 cogeret

1096 1626 1130 1660 II
1159 1627 1239 1671 361,
1267 1627 1303 1670 23
1331 1627 1378 1668 cf.
1404 1628 1483 1671 360,
1514 1628 1568 1662 15.
1598 1628 1653 1672 A.,
1682 1632 1724 1662 ut
1754 1627 1809 1662 ait

1094 1683 1364 1730 Hieronymus,
1389 1695 1467 1729 eos,
1491 1685 1556 1730 qui
1581 1696 1628 1721 ex
1654 1684 1808 1721 Iudaeis

1094 1742 1306 1787 crederent,
1357 1743 1432 1789 legi
1481 1754 1565 1779 esse
1615 1743 1808 1779 subiectos

1094 1801 1244 1835 censuit
1274 1800 1308 1835 II
1336 1802 1414 1846 288,
1441 1802 1477 1845 5;
1507 1802 1553 1843 cs.
1585 1802 1637 1836 11.
1665 1802 1745 1846 303,
1775 1802 1807 1836 3.

1093 1864 1228 1894 contra
1262 1870 1375 1904 quam
1410 1859 1641 1895 sententiam
1676 1859 1808 1895 Hiero-

1092 1927 1231 1961 nymus
1274 1917 1502 1962 pronuntiat
1545 1917 1807 1953 caeremonias

1094 1974 1323 2011 Iudaeorum
1366 1979 1403 2011 et
1443 1975 1683 2019 perniciosas
1722 1985 1806 2011 esse

1093 2037 1131 2068 et
1154 2033 1374 2069 mortiferas
1397 2033 1627 2068 Christianis
1652 2038 1702 2078 et,
1726 2033 1806 2078 qui-

1092 2100 1254 2136 cumque
1302 2101 1367 2127 eas
1412 2091 1679 2126 observaverit
1724 2091 1806 2125 sive

1092 2159 1139 2184 ex
1189 2149 1342 2184 Iudaeis
1389 2149 1471 2184 sive
1519 2160 1566 2185 ex
1615 2149 1805 2194 gentibus,

1092 2217 1178 2242 eum
1207 2209 1243 2243 in
1272 2207 1493 2242 barathrum
1521 2207 1664 2242 diaboli
1690 2207 1805 2242 devo-

1091 2264 1213 2300 lutum
1245 2264 1279 2298 II
1307 2266 1385 2309 305,
1417 2266 1452 2308 83
1484 2267 1530 2307 cf.
1559 2265 1639 2309 311,
1669 2266 1700 2300 7.
1730 2274 1806 2310 qua

1093 2333 1131 2358 re
1166 2327 1380 2358 commotus
1415 2322 1470 2368 A.,
1504 2323 1596 2369 quid
1634 2323 1805 2367 sentiret,

1091 2380 1309 2415 accuratius
1353 2380 1538 2424 definivit,
1581 2391 1666 2416 cum
1709 2380 1809 2415 dice-

1092 2442 1150 2473 ret
1196 2448 1273 2473 non
1320 2449 1404 2474 esse
1453 2438 1691 2482 perniciosas
1738 2438 1805 2477 eis.

1092 2496 1156 2541 qui
1185 2506 1250 2531 eas
1277 2496 1432 2540 vellent,
1462 2495 1557 2531 sicut
1587 2506 1610 2530 a
1637 2495 1805 2540 parenti-

1091 2554 1161 2589 bus
1195 2564 1263 2598 per
1294 2554 1418 2599 legem
1453 2554 1707 2598 accepissent,
1743 2563 1805 2589 cu-

1092 2612 1236 2648 stodire
1268 2612 1331 2647 illo
1361 2612 1452 2648 dum
1483 2616 1593 2647 taxat
1619 2616 1803 2657 tempore,

1091 2680 1166 2715 quo
1187 2670 1351 2714 primum
1373 2669 1462 2706 fidei
1484 2669 1611 2715 gratia
1632 2669 1805 2705 revelata

1090 2732 1206 2772 esset3
1244 2737 1453 2772 progressu
1490 2738 1581 2763 vero
1619 2727 1804 2772 temporis

1090 2786 1175 2822 illas
1212 2786 1505 2822 observationes
1542 2786 1589 2821 ab
1626 2785 1802 2821 omnibus

1090 2844 1318 2879 Christianis
1345 2844 1462 2878 fnisse
1488 2844 1723 2879 deserendas
1748 2849 1802 2879 at-
