2078 3054
209 1294 423 1329 ciceion
457 1305 486 1328 v.
518 1295 592 1329 ind.
611 1294 671 1328 Vl.

873 158 1013 193 Index
1042 157 1085 192 V.
1675 147 1749 187 167

252 272 426 307 Christus
479 272 516 307 in
567 276 806 307 sacramento
857 269 980 309 omni!

252 331 313 365 die
336 330 489 374 populis
511 329 728 365 immolatur
749 329 783 363 II
805 330 882 373 530,
905 329 959 363 21.
978 328 980 349 ¹

253 387 393 422 Christi
449 387 622 431 corporis
678 378 980 436 sacramentumi

252 445 364 489 longe
392 449 449 480 est
477 455 498 479 a
524 445 702 479 cordibus
729 442 980 488 sapientium*

253 502 503 546 superbOrum
543 501 594 536 IV
635 503 689 546 99,
729 502 780 536 11.
818 501 959 536 divites

253 565 389 603 terrae,
424 559 493 593 hoc
530 564 587 595 est
624 559 777 602 superbi
814 564 851 595 et
887 558 961 602 ipsi

253 617 410 652 adducti
437 621 524 652 sunt
550 617 598 652 ad
624 627 792 652 mensam
820 615 961 651 Christi

253 680 290 710 et
319 674 516 718 accipiunt
544 675 591 710 de
621 684 780 718 corpore
810 679 845 709 et
877 684 961 708 san-

252 732 367 776 guine
416 732 509 775 eius,
555 732 621 766 sed
667 731 829 766 adorant
880 735 962 765 tan-

254 794 344 833 turn,
371 799 445 824 non
472 789 586 824 etiam
614 793 846 832 saturantur,
872 798 962 834 quo-

254 847 354 882 niam
390 857 466 882 non
501 846 699 881 imitantur
733 846 786 880 III
819 846 896 890 213,
932 846 962 880 7.

253 905 308 939 20.
343 904 421 949 214,
458 904 510 939 16.

206 975 379 1025 χρόνοι
421 977 458 1008 et
502 972 618 1024 καιρεί
667 983 741 1017 quo
782 971 963 1007 differant

255 1030 306 1065 lv
334 1031 412 1074 2312,
446 1032 498 1065 16.

208 1097 235 1133 C
252 1099 272 1132 h
289 1110 305 1133 r
321 1111 343 1143 y
361 1110 376 1133 s
393 1099 401 1133 i
419 1108 441 1142 p
458 1108 480 1142 p
497 1110 515 1134 e
532 1110 554 1134 a
591 1103 816 1143 argumenta
855 1098 869 1131 I
908 1098 963 1140 38,

256 1157 311 1191 16.

207 1224 235 1260 C
251 1224 272 1259 h
289 1236 305 1259 r
321 1237 343 1270 y
360 1236 376 1258 s
391 1236 413 1260 o
429 1231 510 1260 sto
527 1236 560 1259 m
578 1236 632 1260 us
662 1236 695 1260 v.
728 1224 928 1259 Iohannes.

208 1362 234 1397 C
252 1363 294 1397 ic
312 1373 329 1397 e
348 1374 362 1396 r
378 1374 398 1397 o
432 1363 493 1404 (M.
507 1363 670 1407 Tullius)
702 1362 858 1397 summis
886 1362 964 1396 lau-

255 1421 366 1455 dibus
417 1425 573 1455 ornatur
624 1431 644 1455 a
698 1420 877 1455 Nectario
928 1419 963 1453 ΙΙ

254 1479 333 1521 579,
361 1479 391 1512 7.
419 1478 610 1513 amicitiae
639 1477 822 1513 definitio.
850 1488 962 1522 quam

256 1536 467 1579 proposuit,
506 1536 684 1570 laudatur
720 1535 770 1569 IV
806 1536 884 1572 605.
922 1535 963 1569 10

256 1593 421 1638 itemque
458 1593 533 1628 alia
569 1594 649 1628 eius
686 1593 878 1628 sententia
911 1592 964 1626 III

255 1651 309 1693 51,
339 1651 370 1685 9.
403 1651 603 1695 mysticam
637 1651 832 1685 historiam
864 1650 963 1694 lege-

257 1712 314 1742 rat
340 1713 454 1753 atque
479 1708 566 1743 inde
589 1708 846 1742 Romanorum
872 1708 964 1742 deos

257 1765 428 1800 homines
459 1765 576 1801 fuisse
607 1765 643 1800 in
672 1765 836 1809 dialogis
867 1762 985 1799 coin-⁵

257 1827 441 1871 memorat
470 1822 485 1856 Ι
514 1823 569 1866 43,
600 1823 630 1857 5.
658 1823 859 1857 Caesarem
889 1804 986 1871 quol

256 1879 369 1915 modo
400 1880 616 1915 laudaverit
650 1879 683 1914 ΙΙ
714 1881 791 1924 593,
824 1880 878 1914 21.
911 1878 964 1913 ΙΙΙ

1044 281 1226 307 revocare
1258 271 1386 317 vellet,
1417 273 1554 308 emisit*
1587 273 1641 307 111
1674 274 1752 316 252,

1049 329 1099 363 19.
1123 329 1200 373 253,
1226 329 1282 373 113
1306 330 1352 370 cf.
1378 329 1429 364 IV
1451 330 1531 375 605,
1552 332 1583 365 9.
1605 330 1752 365 Tullius

1045 386 1154 431 quasi
1219 387 1440 422 consulares
1504 388 1753 432 philosophos

1045 443 1216 487 appellat
1273 454 1349 488 eos,
1407 454 1567 489 quorum
1624 445 1754 490 magni

1046 501 1179 544 pendit
1215 502 1483 538 auctoritatem
1519 502 1554 536 II
1588 503 1666 547 583,
1698 503 1753 538 31.

1046 558 1163 593 multa
1189 559 1235 594 de
1261 558 1456 594 Ciceronis
1481 559 1588 594 libris
1613 564 1653 595 ut
1682 560 1752 595 sibi

1046 620 1226 661 exponat,
1264 615 1471 652 Dioscorus
1510 617 1552 652 A.
1589 618 1754 662 rogavit,

1047 684 1104 717 ne,
1138 673 1397 718 interrogatus
1428 674 1458 709 si
1492 685 1566 710 non
1600 684 1754 718 respon-

1047 731 1166 774 deret,
1195 731 1371 766 indoctus
1400 736 1436 767 et
1464 732 1578 768 hebes
1605 737 1755 776 putare-

1048 793 1108 823 tur
1142 788 1176 822 11
1212 789 1288 832 668,
1323 789 1358 833 63
1396 789 1442 829 cf.
1476 789 1554 833 666,
1591 790 1642 824 17.
1676 790 1754 825 672.

1047 846 1101 880 20.
1147 846 1225 891 674,
1271 847 1325 880 20.
1374 846 1558 881 ‘oratoris‘
1605 857 1754 892 quoque

1047 903 1303 948 librorumque
1354 904 1411 939 ‘de
1459 904 1623 938 oratore‘
1669 903 1756 938 Dio-

1047 971 1178 995 scorus
1215 961 1401 996 rationem
1436 961 1564 996 habuit
1603 962 1640 995 in
1677 962 1755 996 suis

1048 1018 1347 1063 quaestionibus,
1395 1029 1492 1063 quae
1539 1019 1666 1054 omnia
1714 1019 1757 1053 A.

1049 1076 1306 1119 praetermisit
1344 1076 1377 1109 II
1414 1077 1492 1120 697,
1528 1076 1582 1111 22.
1619 1077 1683 1121 qui
1720 1077 1755 1110 in

1048 1133 1267 1168 Christiana
1315 1133 1490 1168 doctrina
1542 1134 1623 1168 sola
1673 1144 1755 1168 esse

1049 1190 1206 1226 confidit
1247 1201 1352 1235 spem
1393 1191 1528 1226 salutis
1566 1195 1757 1229 aeternae,

1050 1259 1126 1283 non
1180 1258 1278 1292 opus
1333 1253 1389 1284 est
1446 1249 1479 1284 ei
1536 1249 1756 1294 cognitione

982 1299 983 1306 ¹
1048 1306 1288 1351 dialogorum
1321 1306 1516 1341 Ciceronis
1551 1306 1583 1340 11
1616 1307 1694 1350 676,
1726 1307 1757 1340 2.

1049 1363 1245 1398 Ciceronis
1271 1364 1376 1398 locus
1403 1364 1449 1399 de
1476 1370 1597 1398 morte
1626 1364 1757 1398 volun-

1049 1421 1148 1456 taria
1177 1420 1230 1454 ΙΙΙ
1259 1421 1337 1465 432,
1369 1422 1424 1458 13;
1454 1421 1551 1456 alius
1580 1421 1626 1456 de
1653 1421 1756 1456 vitae

1049 1479 1203 1514 miseria
1228 1479 1306 1523 435,
1330 1479 1362 1514 5.
1388 1479 1541 1514 modum
1569 1479 1757 1522 epistulae

1051 1547 1140 1572 suae
1205 1546 1394 1571 excusans
1460 1536 1501 1571 A.
1566 1536 1758 1579 Elpidium

1048 1594 1284 1638 quarundam
1325 1594 1573 1639 epistularum
1613 1594 1760 1629 Cicero-

1050 1652 1108 1685 nis
1136 1655 1361 1695 commonet,
1386 1651 1475 1697 quia
1501 1651 1582 1687 eius
1607 1662 1756 1696 quoque

1052 1709 1088 1743 in
1115 1709 1253 1743 litteris
1282 1709 1360 1744 suis
1389 1709 1619 1744 mentionem
1650 1709 1759 1744 fecis-

1053 1770 1110 1801 set
1154 1765 1206 1799 IV
1249 1766 1327 1810 567,
1374 1766 1425 1800 18.
1480 1766 1580 1800 Tulli
1622 1776 1754 1801 vocem

1052 1824 1090 1858 in
1130 1834 1235 1858 suam
1276 1834 1353 1859 rem
1393 1825 1584 1859 convertit
1625 1824 1666 1858 A.
1708 1823 1758 1857 lx*

1051 1881 1128 1925 612,
1157 1881 1187 1916 9.

260 1939 334 1981 134,
362 1938 393 1972 8.
421 1937 550 1973 multis
574 1938 697 1973 modis
724 1937 965 1981 apertissime
984 1928 986 1942 '
1005 1938 1249 1973 cilicium
1288 1949 1320 1973 v.
1357 1939 1432 1973 ind.
1452 1939 1511 1973 VI.

258 1995 439 2040 ostendit,
480 1996 586 2040 quid·
614 1995 764 2029 Platoni
804 1994 850 2029 de
892 1994 1281 2050 tineWCillenius
1314 1996 1530 2040 episcopus,
1565 1996 1613 2030 ad
1649 2005 1759 2040 quem

258 2053 345 2088 boni
383 2058 418 2088 et
455 2053 581 2087 causis
617 2064 740 2087 rerum
779 2057 813 2087 et
852 2052 986 2099 ratioff

1052 2053 1143 2088 data
1170 2058 1227 2088 est
1255 2063 1314 2097 ep.
1341 2053 1418 2088 219.

258 2110 412 2145 cinandi
461 2110 599 2145 fiducia
649 2110 867 2153 placuisset,
930 2102 1323 2146 in'Cimmeriae
1356 2111 1490 2146 domus
1526 2110 1539 2144 Ι
1571 2110 1627 2155 93,
1659 2110 1714 2144 22.

259 2179 332 2212 qua
368 2179 406 2203 re
444 2168 652 2211 Epicureos
690 2173 725 2202 et
763 2167 910 2202 Stoicos
945 2177 968 2200 a

259 2225 468 2260 Platonicis
513 2236 596 2260 esse
641 2230 886 2269 oppugnatos
935 2222 987 2266 II,

258 2284 336 2326 684,
382 2283 414 2317 2.
473 2287 666 2327 tamquam
716 2282 987 2319 Academicus

260 2340 489 2374 Anaximeni
537 2340 675 2374 obiecit
725 2340 883 2376 formam
931 2342 987 2381 et¹

261 2397 582 2440 pulchritudinem
650 2398 761 2432 deum
830 2397 988 2446 habereg

261 2459 437 2498 oportere
478 2454 511 2488 II
549 2455 627 2498 686,
666 2455 719 2489 19.
760 2458 873 2497 negat
915 2454 988 2492 in-;

262 2512 368 2547 finito
403 2512 547 2556 aliquid
586 2512 690 2557 iungi
727 2512 897 2555 potuisse
934 2502 989 2544 1Ιέ

261 2570 339 2612 687,
367 2570 411 2603 22
440 2569 605 2614 itemque
633 2573 829 2603 aeternum
856 2546 989 2603 deum!

263 2626 535 2670 Epicureorum
579 2636 691 2670 posse
732 2626 893 2670 cogitari
935 2619 989 2658 11'

262 2684 340 2726 693,
377 2684 429 2718 13.
462 2683 625 2718 Romani
660 2683 848 2718 maximus
884 2670 989 2717 auc-³

263 2746 322 2775 tor
347 2740 494 2775 Tullius
519 2740 674 2786 eloquii:
701 2740 865 2775 ‘Nullum
893 2739 990 2774 um-i

264 2808 377 2844 quam
431 2797 612 2842 verbum‘,
667 2797 801 2844 inquit,
857 2796 969 2843 ‘quod

1005 2167 1502 2202 Circumcelliones
1528 2163 1585 2202 'et
1632 2167 1759 2202 clerici

1054 2225 1341 2260 Donatistarum
1369 2225 1588 2263 effecerunt,
1618 2230 1652 2259 ut
1690 2223 1760 2267 ipsi

1053 2283 1369 2326 persecutionem,
1404 2282 1581 2317 catholici
1619 2282 1762 2325 passio-

1053 2351 1136 2375 nem
1171 2340 1403 2375 sustinerent
1435 2339 1469 2374 11
1500 2340 1579 2383 627,
1611 2341 1664 2373 22.
1698 2338 1762 2372 ad-

1053 2408 1187 2433 versus
1226 2398 1330 2442 leges
1369 2398 1627 2440 armabantur,
1667 2407 1761 2441 quas

1053 2465 1097 2490 eo
1146 2455 1230 2498 ipso
1279 2455 1404 2491 furore
1455 2450 1761 2490 contemnebant.

1053 2522 1127 2556 quo
1172 2512 1208 2546 in
1254 2522 1292 2547 se
1337 2522 1412 2547 eas.
1456 2523 1540 2546 cum
1585 2511 1764 2552 furerent,

1054 2569 1271 2604 excitarunt
1315 2569 1348 2603 II
1394 2569 1473 2612 632,
1518 2569 1550 2603 3.
1596 2568 1762 2602 Circum-

1055 2626 1256 2661 cellionum
1306 2626 1554 2662 crudelitates
1602 2625 1636 2659 II
1684 2626 1761 2660 628.

1054 2684 1179 2718 5—18.
1212 2684 1290 2721 407.
1324 2685 1355 2718 4.
1389 2682 1468 2728 412,
1503 2683 1648 2716 11-24.
1684 2683 1761 2725 413,

1057 2741 1109 2775 16.
1146 2741 1223 2784 414,
1264 2741 1432 2783 14-415,
1471 2741 1521 2774 10.
1558 2740 1637 2784 643,
1674 2740 1762 2773 12—

1054 2798 1134 2843 644,
1163 2798 1194 2832 2.
1224 2798 1275 2834 ΙΙΙ
1305 2798 1360 2842 80,
1390 2797 1537 2841 17-81,
1565 2798 1597 2842 5,
1627 2797 1764 2833 caedes
