2078 3054
887 148 1026 182 Index
1056 148 1098 181 V.
1686 136 1766 177 199

268 263 386 297 turbis·
416 262 608 297 hominum
636 261 973 296 furiosissimorum

269 330 342 354 non
389 319 588 354 catholicis
634 319 701 354 sed
747 329 823 354 non
869 329 974 353 nurn-

267 387 378 421 (1uam
426 377 541 412 etiam
587 376 666 411 suis
713 376 851 411 inferre
898 385 973 410 non

267 434 469 469 cessabant
508 434 541 467 II
579 434 655 477 116,
690 434 744 468 22.
783 433 836 468 sic
873 443 974 468 ama-

268 492 359 526 bant
384 491 600 537 homicidia,
624 496 665 526 ut
688 491 725 526 in
749 501 788 526 se
811 491 904 535 ipsis
929 501 973 526 ea

268 549 505 592 perficerent,
532 549 686 593 quando
715 549 751 583 in
779 548 864 583 aliis
892 558 974 592 per-

269 611 418 649 petrare
448 616 523 641 non
552 610 730 650 poterant
758 606 808 640 IV
839 606 891 649 10,
921 605 973 639 18.

269 669 408 698 ‘eorum
438 663 587 698 laborat
614 663 741 707 furor‘,
769 663 891 708 inquit
920 662 974 706 A..

269 724 343 755 ‘aut
368 731 437 755 nos
457 721 644 757 occidere.
667 726 705 755 ut
729 730 820 755 suae
843 720 974 755 erude-

268 779 386 813 litatis
438 783 600 821 pascant
651 778 858 820 libidinem,
909 782 973 811 aut

267 836 381 871 etiam
426 846 465 871 se
510 836 625 880 ipsos,
670 846 715 871 ne
760 835 974 879 perdidisse

269 893 473 928 videantur
515 892 812 928 occidendorum
857 892 973 927 homi-

268 962 355 986 num
389 950 631 994 potestatem*
664 950 716 984 IV
749 951 802 989 10,
834 950 892 993 ‘213
927 950 973 990 cf.

266 1009 345 1051 317,
374 1009 426 1043 1⁶2.
453 1018 541 1043 suas
568 1013 709 1043 mortes
734 1007 974 1042 voluntarias

267 1070 303 1100 et
329 1065 493 1101 furiosas
517 1065 760 1100 minabantur
785 1065 836 1098 lV
863 1065 914 1107 13,
938 1065 973 1107 5·,

267 1123 312 1162 cf.
351 1124 429 1159 317.
470 1124 522 1158 19.
561 1123 715 1168 quidam
755 1122 974 1157 Donatista-

268 1191 347 1215 rum
375 1181 446 1224 ipsi
471 1182 541 1215 sibi
565 1186 723 1215 mortem
750 1177 974 1216 inferebant.

267 1239 367 1283 quod
410 1243 450 1273 ut
493 1242 702 1282 patrarent,
742 1238 871 1272 varias
913 1248 974 1272 ex-

268 1296 537 1340 cogitaverunt
574 1296 658 1330 vias
699 1295 748 1329 lv
793 1296 845 1335 10,
885 1295 974 1329 25»-

271 1354 321 1397 11,
347 1354 401 1388 24.
429 1355 481 1390 14,
508 1354 655 1397 22-15,
681 1353 712 1387 ⁶2.
737 1353 815 1388 319.
842 1352 870 1387 1.
896 1352 974 1387 320.

266 1412 297 1445 3.
351 1416 509 1446 mortem
563 1410 820 1445 voluntariam
877 1410 974 1443 Raxi

267 1468 441 1512 exemplo
488 1468 693 1503 defendere
740 1469 975 1503 conabantur

271 1525 319 1558 lv
341 1526 419 1561 3⁶20
443 1526 614 1569 23—322,
639 1525 691 1560 15.
716 1537 810 1570 quas
834 1529 975 1560 mortes

268 1583 338 1617 sibi
374 1583 472 1618 ultro
507 1583 742 1627 ingerebant,
778 1583 975 1617 catholicis

265 1640 443 1675 volebant
461 1652 543 1676 esse
562 1640 783 1678 invidiosas.
807 1641 876 1675 sibi
898 1640 975 1684 glo-

269 1698 390 1732 riosas
415 1698 447 1732 ΙΙ
471 1699 549 1735 415,
575 1700 609 1733 4:
634 1698 771 1732 babere
795 1698 972 1732 volebant

268 1756 581 1800 qualemcumque
612 1756 780 1790 umbram
813 1755 975 1790 nominis

268 1818 478 1857 martyrum
515 1813 566 1847 lv
605 1814 657 1849 11.
694 1814 723 1847 7.
760 1823 843 1847 cum
878 1812 974 1846 male

269 1871 461 1906 vivebant.
500 1871 688 1905 latronum
728 1871 827 1904 facta
864 1870 975 1904 facic-

268 1929 355 1962 bant
393 1933 439 1964 et.
475 1939 557 1963 cum
594 1929 672 1963 iure
709 1928 975 1971 puniebantur.

272 1985 431 2027 gloriam
475 1991 683 2030 martyrum
730 1985 971 2029 requirebant

272 2043 303 2076 11
332 2044 410 2079 598,
440 2044 491 2077 19.
519 2044 698 2078 vivebant
728 2049 766 2077 ut
796 2043 975 2077 latrones.

268 2100 527 2135 moriebantur
557 2106 595 2135 ut
629 2100 976 2135 ('in-umccllimms.

270 2158 554 2192 honorabantur
608 2163 648 2193 ut
702 2162 888 2201 martyres
942 2157 975 2190 Il

269 2216 346 2250 415.
392 2216 421 2249 7.
462 2216 539 2256 416,
582 2216 613 2250 9.
657 2215 858 2249 horrebant
904 2215 975 2249 ista

270 2273 422 2315 plurimi
477 2273 513 2307 in
568 2273 650 2316 ipsa
704 2273 976 2315 superstitione

271 2330 461 2364 haeretica
506 2330 704 2364 constituti
750 2330 799 2363 lv
846 2331 898 2365 15.
941 2330 975 2363 3:

271 2388 316 2426 cf.
354 2388 433 2423 320.
473 2389 503 2422 4.
556 2388 596 2421 A.
633 2388 860 2421 monstravit
902 2398 975 2420 non

272 2444 493 2479 Donatistas
540 2455 652 2487 posse
699 2445 836 2478 babere
882 2455 977 2478 mar—

271 2508 395 2546 tyrum
428 2507 598 2537 mortem.
629 2502 716 2546 quia
745 2502 977 2536 t'hristiano-

272 2572 351 2596 rum
389 2572 462 2596 non
498 2562 680 2596 haberent
716 2561 846 2596 vitain.
893 2570 975 2595 cnm

272 2625 475 2664 martyrem
530 2631 605 2655 non
660 2620 798 2655 faceret
854 2630 975 2663 poena

272 2679 337 2713 sed
375 2690 490 2714 causta
528 2680 578 2713 lv
613 2680 690 2715 319.
730 2681 781 2714 18.
822 2685 977 2723 propter

274 2737 495 2773 bonatista>-
548 2749 771 2783 perpaucos.
823 2740 886 2783 qui
939 2751 976 2773 sc

274 2797 377 2841 ipsos
405 2798 579 2833 occidere
607 2798 798 2842 volebant,
829 2810 873 2833 ne
903 2808 978 2833 om-

1059 271 1126 296 nes
1166 261 1429 306 liberarentur,
1468 263 1629 299 ecclesia
1668 268 1766 299 cete-

1059 328 1184 353 rorum
1244 319 1506 355 liberationem
1564 321 1765 365 neglegere

1060 386 1135 410 non
1174 381 1327 420 poterat
1364 378 1417 411 IV
1458 378 1511 422 13,
1552 378 1673 414 1,-24.
1709 379 1765 419 30,

1062 433 1206 477 12—31,
1241 435 1295 469 20.
1328 435 1407 478 317,
1443 435 1495 470 15.
1529 435 1607 479 318,
1642 436 1765 470 2—15.

1106 501 1331 537 Donatistae
1378 503 1550 538 solebant
1597 504 1767 549 graviter

1061 559 1219 596 inritari.
1246 560 1346 606 quod
1376 571 1485 605 reges
1512 566 1635 596 terrae
1663 561 1766 606 leges

1059 622 1193 651 contra
1230 617 1444 652 haereticos
1480 623 1519 653 et
1556 619 1767 653 schismati-

1060 684 1124 708 cos
1160 685 1228 718 pro
1267 675 1455 710 catholica
1496 686 1589 719 pace
1628 676 1767 711 consti-

1061 732 1218 766 tuebant
1259 731 1311 765 ΙΙΙ
1353 733 1406 767 36.
1450 733 1501 767 17.
1545 733 1766 768 Donatistas

1061 798 1127 832 per
1160 789 1357 824 ordinatas
1392 801 1413 824 a
1447 790 1519 825 (leo
1554 794 1767 834 potestates

1061 846 1229 882 cohiberi
1271 851 1384 892 atque
1427 847 1565 893 corrigi
1609 849 1650 883 Α.
1692 858 1766 883 non

1060 904 1262 939 videbatur
1307 904 1454 940 inutile:
1499 916 1585 940 nam
1629 905 1768 940 multos

1060 961 1134 996 iam
1177 966 1370 997 correctos
1413 962 1602 998 veraciter
1645 963 1768 998 unita-

1061 1022 1134 1053 tem
1187 1019 1413 1054 catholicam
1470 1024 1599 1055 tenere
1654 1025 1767 1065 atque

1060 1076 1266 1112 defendere
1304 1081 1339 1112 et
1379 1088 1401 1111 a
1439 1078 1601 1120 pristino
1641 1088 1767 1112 errore

1061 1143 1101 1168 se
1150 1134 1331 1169 liberatos
1380 1144 1463 1169 esse
1512 1134 1646 1169 laetari
1696 1135 1768 1169 etsi

1062 1195 1204 1227 terrore
1254 1191 1450 1235 perculsos
1499 1192 1533 1226 II
1583 1193 1662 1237 445,
1712 1193 1767 1230 13;

1062 1248 1107 1288 cs.
1130 1249 1208 1293 447,
1231 1250 1261 1284 7.
1286 1249 1422 1294 quibus
1443 1260 1488 1284 ex
1512 1250 1638 1284 causis
1660 1249 1768 1286 multi

1062 1306 1099 1341 in
1133 1306 1323 1342 divisione
1361 1311 1582 1342 tenerentur
1620 1307 1654 1341 II
1690 1308 1769 1345 462.

1062 1364 1209 1407 8—-463,
1250 1364 1304 1398 21.
1357 1375 1497 1409 magna
1535 1365 1572 1399 in
1613 1364 1769 1399 Donati-

1062 1425 1141 1455 stas
1170 1421 1311 1456 factum
1341 1427 1396 1456 est
1426 1422 1700 1460 misericordia.
1728 1428 1769 1457 ut

1062 1489 1128 1522 per
1162 1479 1433 1522 imperatorum
1467 1479 1571 1524 leges
1604 1481 1651 1515 ab
1684 1480 1769 1515 hae-

1061 1537 1135 1571 resi
1193 1536 1298 1580 prius
1352 1537 1590 1580 eriperentur
1646 1538 1769 1572 inviti.

1062 1605 1136 1639 quo
1178 1594 1214 1629 in
1257 1594 1446 1629 catholica
1487 1600 1620 1638 postea
1660 1595 1769 1629 bonis

1063 1652 1278 1695 praeceptis
1315 1656 1352 1686 etv
1387 1652 1553 1686 moribus
1591 1663 1769 1686 sanaren-

1062 1715 1122 1744 tur
1150 1710 1299 1744 adsueti
1331 1710 1381 1743 IV
1412 1710 1464 1745 12.
1493 1711 1526 1743 8:
1557 1711 1602 1750 cf.
1634 1710 1686 1745 19.
1718 1711 1768 1743 11.

1062 1766 1096 1800 II
1129 1768 1207 1805 445,
1242 1768 1293 1802 18.
1327 1768 1373 1802 de
1407 1766 1620 1802 Donatistis
1656 1767 1768 1801 corri-

1063 1825 1213 1867 piendis
1255 1829 1369 1869 atque
1414 1824 1662 1860 cohercendis
1707 1824 1768 1858 ha-

1062 1882 1139 1916 bita
1179 1883 1277 1916 ratio
1316 1888 1385 1917 est.
1423 1894 1496 1926 qua
1537 1883 1664 1925 potius
1706 1883 1769 1916 ad-

1062 1944 1306 1974 monerentur
1333 1941 1379 1975 ab
1406 1950 1532 1974 errore
1560 1940 1770 1974 discedere.

1062 2007 1173 2041 quam
1204 2008 1273 2041 pro
1304 1997 1445 2033 scelere
1476 1998 1702 2041 punirentur
1736 1996 1769 2030 ll

1062 2055 1139 2097 454,
1173 2055 1224 2089 13.
1258 2054 1426 2089 Iulianus
1458 2055 1666 2098 impera-tor
1698 2054 1770 2087 Do-

1063 2112 1214 2146 natistis
1240 2122 1307 2156 per
1331 2111 1587 2155 Rogatianum
1612 2117 1646 2146 et
1675 2112 1769 2146 Pon-

1062 2169 1153 2204 tium
1203 2169 1509 2213 supplicantibus
1555 2169 1768 2203 libertatem

1063 2227 1233 2269 permisit
1265 2232 1299 2262 et
1330 2227 1508 2261 basilicas
1538 2226 1704 2261 reddidit
1737 2226 1769 2259 ΙΙ

1062 2284 1140 2321 601.
1190 2284 1244 2319 24.
1297 2284 1574 2318 Constantinus
1625 2284 1769 2327 primus

1064 2346 1195 2376 contra
1251 2341 1390 2376 Donati
1445 2345 1592 2385 partem
1647 2340 1768 2384 legem

1063 2399 1273 2435 constituit.
1309 2403 1348 2433 ut
1386 2399 1470 2433 loca
1505 2398 1770 2441 congregatio-

1064 2467 1149 2491 num
1188 2466 1316 2490 eorum
1354 2456 1444 2490 fisco
1481 2456 1770 2490 vindicarentur

1066 2513 1096 2546 ll
1130 2514 1206 2553 409,
1240 2514 1290 2547 12³.
1324 2513 1420 2548 idem
1455 2513 1599 2556 primus
1632 2512 1769 2546 consti-

1063 2571 1132 2605 tuit
1170 2571 1206 2605 in
1242 2570 1529 2605 Donatistarum
1566 2580 1693 2613 causa,
1730 2574 1770 2603 ut

1063 2639 1122 2662 res
1154 2628 1415 2662 convictorum
1449 2631 1488 2662 et
1518 2627 1656 2662 unitati
1689 2637 1770 2670 per-

1062 2685 1245 2720 vicaciter
1276 2685 1534 2720 resistentium
1569 2684 1658 2718 fisco
1690 2684 1771 2718 vin-

1064 2743 1283 2777 dicarentur
1308 2742 1340 2775 ll
1363 2742 1441 2785 458,
1468 2742 1519 2776 1—1.
1544 2741 1769 2776 Donatistae

1065 2811 1123 2835 res
1151 2810 1239 2835 suas
1267 2799 1363 2835 falso
1389 2799 1649 2844 appellabant,
1676 2809 1770 2844 quas
