2078 3054
279 1527 284 1532 ‘
327 1519 513 1554 Paulinus
565 1518 697 1554 Idibus
750 1517 849 1553 Mais
898 1517 948 1553 ad
998 1517 1063 1552 Au

280 176 366 217 280

325 306 447 338 totum
486 300 680 336 biennium
720 298 845 334 nullas
883 308 906 333 a
941 296 1039 332 Pau-

324 359 402 394 lino
438 358 587 393 litteras
623 367 663 392 se
699 355 909 400 sumpsisse
944 354 1039 390 dicit

326 416 360 451 II
403 416 480 460 122,
517 416 548 450 5.
587 415 702 451 etiam
741 423 801 457 ep.
828 413 872 448 80
911 413 958 448 ab
994 411 1038 447 A.

324 474 374 509 ad
400 473 602 509 Paulinum
629 472 776 516 scripta
798 475 869 515 est,
892 481 939 507 ex
963 480 1040 517 qua

326 532 558 576 perspicitur
587 530 704 575 paulo
733 533 823 566 ante
852 533 932 565 tres
961 528 1040 573 epi-

326 589 446 625 stulas
483 589 601 624 fuisse
640 588 818 633 scriptas,
854 598 952 633 quae
990 586 1060 631 adj

325 652 497 683 nostram
541 646 765 682 memoriam
814 656 890 681 non
935 655 1060 681 man-2

327 710 469 750 serunt,
522 716 637 741 unam
691 704 746 750 A.‚
800 715 877 750 qua
926 714 1040 749 quae-

326 763 557 799 stiunculam
608 772 731 807 nuper
782 764 1041 807 proposuerat

326 821 361 856 II
391 822 469 866 347,
501 821 556 866 20,
587 821 748 856 alteram
779 819 944 865 Paulini,
975 819 1040 865 qui

326 880 429 915 illa-m
457 878 791 925 quaestiunculam
818 878 933 914 nimis
959 883 1062 913 cur-'

327 938 397 973 sim
424 942 462 974 et
485 937 654 974 breviter
680 937 797 972 solvit
822 935 859 971 II
880 933 960 982 347,
983 935 1040 980 22,
1059 963 1061 983 ;

326 996 492 1041 tertiam,
523 1006 637 1042 quam
668 995 711 1030 A.
740 994 876 1039 paucis
905 986 1061 1030 diebus}

327 1058 416 1090 ante
449 1064 508 1099 ep.
541 1054 584 1089 80
618 1053 773 1098 scripsit
805 1052 842 1087 II
873 1052 953 1097 347,
986 1051 1062 1088 11..

327 1116 530 1157 praeterea
572 1112 672 1147 inter
715 1121 803 1156 epp.
834 1111 878 1146 80
919 1114 957 1146 et
997 1110 1062 1146 94·

328 1170 593 1207 intercessisse
635 1173 789 1205 constat
828 1168 925 1204 duas
964 1167 1042 1212 epi-

328 1228 460 1273 stulas,
492 1239 589 1275 quae
622 1228 712 1263 item
745 1231 835 1263 sunt
865 1226 1063 1271 amissae,-

327 1297 405 1322 una
443 1286 596 1322 Paulini
634 1285 670 1320 II
708 1285 788 1330 499,
828 1285 881 1329 19,
919 1284 1042 1320 altera

327 1345 371 1380 A.
405 1344 512 1389 satis,
543 1348 590 1383 ut,
616 1343 783 1389 videtur,
814 1342 974 1389 grandis
1005 1341 1063 1385 II,

327 1403 405 1449 497,
439 1403 610 1447 12—-499,
644 1402 696 1437 18.
728 1401 805 1446 501,
836 1401 868 1437 3.
901 1401 978 1445 507,
1009 1400 1042 1435 5.

327 1461 406 1505 510,
431 1461 487 1496 20.
512 1460 591 1505 513,
617 1460 671 1495 14.
696 1470 771 1505 quo
797 1469 898 1495 anno
923 1459 1041 1503 ep.94

328 1577 432 1619 misit
456 1576 493 1611 II
518 1577 598 1622 505,
626 1576 679 1621 17,
707 1576 842 1612 eodem
870 1585 971 1611 anno
998 1575 1042 1609 A.

328 1645 388 1680 ep.
427 1635 472 1671 95
511 1634 712 1680 rescripsit
750 1644 911 1680 eamque
951 1633 1063 1668 Pos-³

330 1694 428 1729 sidio
479 1703 610 1729 mense
662 1692 815 1728 circiter
867 1691 1064 1737 Augusto2

328 1751 489 1787 Romam
528 1751 761 1797 navigaturo
802 1749 854 1794 (II
888 1750 968 1795 582,
1005 1737 1064 1794 6)Σ

330 1809 600 1855 perferendam
629 1808 793 1844 tradidit
818 1808 855 1843 II
881 1808 960 1853 506,
989 1807 1065 1843 16.-

330 1879 415 1904 cum
440 1867 626 1905 Paulinus
652 1866 862 1912 aliquando
886 1866 1045 1902 Cartha-

329 1926 409 1972 gini
437 1925 685 1969 exhiemaret,
714 1925 813 1960 duae
843 1924 1045 1969 epistulae,

330 1995 428 2029 quae
455 1994 533 2019 non
559 1983 725 2028 amplius
752 1987 899 2027 extant,
926 1982 1045 2026 scrip-

331 2046 392 2078 tae
419 2046 519 2086 sunt,
543 2041 697 2077 Paulini
720 2041 770 2077 ad
794 2041 838 2076 A.
863 2044 902 2076 et
926 2039 970 2075 A.
995 2034 1065 2075 ad¹

330 2100 544 2145 Paulinum,
591 2110 689 2145 quae
725 2103 808 2135 erat
841 2099 888 2134 de
921 2108 1046 2134 resur-

331 2158 514 2194 rectionis
551 2157 676 2193 forma
722 2157 759 2192 II
796 2157 875 2201 736,
909 2156 942 2192 5.
990 2155 1046 2190 ΙΙΙ

330 2217 409 2261 349,
444 2216 497 2251 13.
528 2216 577 2251 ad
609 2225 669 2259 ep.
702 2214 780 2260 121,
813 2225 890 2260 qua
919 2213 1047 2249 Pauli-

332 2285 403 2310 nus
428 2274 568 2310 multas
591 2273 840 2320 quaestiones
863 2273 910 2308 de
936 2282 1066 2328 sacra¹

332 2333 524 2377 scriptura
572 2331 787 2376 proposuit,
834 2330 877 2366 A.
927 2330 1047 2365 conti-

332 2401 408 2425 nuo
440 2390 654 2434 rescripsit,
686 2389 789 2435 quod
818 2394 1066 2432 responsum*

332 2448 495 2483 Paulino
535 2458 613 2483 non
653 2451 711 2483 est
750 2447 943 2483 redditum
983 2456 1067 2481 neu

333 2517 406 2552 que
458 2506 500 2541 A.
551 2506 633 2541 eius
682 2504 912 2549 exemplum,
961 2485 1067 2539 cum²

333 2563 612 2609 requisivisset,
661 2563 825 2607 invenit,
894 2562 1067 2598 interci-³

333 2622 436 2657 disse
495 2621 612 2667 igitur
670 2620 826 2656 videtur
886 2619 1047 2655 vixdum

335 2680 519 2724 scriptum
564 2679 619 2714 111
663 2679 743 2723 349,
783 2678 816 2713 5.
861 2678 915 2713 22.
973 2677 1067 2712 alia*

334 2738 473 2773 deinde
523 2737 675 2774 Paulini
723 2736 902 2781 epistula,
950 2746 1048 2781 quae

335 2795 444 2831 nobis
474 2795 619 2830 tradita
633 2805 709 2830 non
724 2798 793 2839 est,
823 2804 1049 2829 commemo-

336 2858 442 2889 ratur
473 2854 526 2889 ΙΙΙ
555 2855 634 2899 348,
662 2855 695 2890 5.
724 2854 803 2899 349,
833 2854 864 2889 6.
894 2863 953 2898 ep.
982 2853 1049 2889 149

953 184 1095 219 Index
1121 182 1166 217 V.

1125 296 1169 333 A.
1201 307 1440 344 responsum,
1470 299 1574 345 quod
1602 300 1650 336 ad
1682 310 1741 344 ep.
1773 299 1837 334 121

1125 355 1308 391 continuo
1339 355 1512 401 dederat,
1544 358 1753 402 complevit
1784 357 1838 392 III

1125 413 1204 458 349,
1254 413 1308 449 10.
1358 414 1412 450 15.
1460 414 1626 461 denique
1676 425 1736 459 ep.
1773 415 1839 450 186

1126 471 1290 517 Alypius
1319 476 1357 507 et
1388 472 1432 508 A.
1461 473 1510 508 ad
1539 473 1743 509 Paulinum
1772 473 1839 508 mi-

1127 534 1270 574 serunt,
1322 540 1397 576 quo
1447 530 1494 566 de
1546 531 1697 567 haeresi
1732 530 1839 566 Pela-

1125 587 1241 633 giana
1294 598 1380 623 eum
1434 588 1629 632 docerent,
1682 589 1843 624 adiectis

1125 645 1265 681 litteris
1316 646 1470 681 concilii
1522 646 1840 693 Carthaginensis

1126 708 1163 740 et
1190 703 1416 749 Milevitani,
1445 704 1613 750 quinque
1641 705 1840 750 episcopo-

1126 773 1209 797 rum
1234 766 1272 798 et
1296 761 1498 798 Innocenti
1522 763 1571 798 ad
1596 763 1666 798 has
1689 763 1840 798 litteras

1127 820 1324 864 responsis
1355 820 1408 855 IV
1436 821 1491 865 47,
1518 820 1644 856 2—13.
1673 831 1750 856 uno
1778 821 1840 856 die

1126 878 1312 914 Paulinus
1356 878 1525 924 quinque
1569 878 1839 924 episcoporum

1127 936 1315 981 epistulas
1378 947 1424 972 ex
1489 936 1622 972 Africa
1683 937 1842 981 recepit,

1127 994 1271 1039 Aureli,
1330 994 1459 1040 Alypi,
1518 994 1573 1039 A.‚
1632 994 1842 1039 Profuturi,

1129 1052 1263 1089 Severi
1302 1052 1338 1087 II
1380 1053 1413 1097 8,
1454 1053 1509 1088 20.
1551 1053 1602 1088 ad
1643 1052 1841 1088 Aurelium

1127 1111 1352 1155 episcopum
1390 1110 1546 1155 scripsit
1582 1110 1599 1146 I
1633 1111 1689 1155 75,
1726 1110 1768 1146 14
1804 1114 1841 1146 et

1128 1170 1176 1205 ab
1216 1179 1261 1205 eo
1300 1168 1507 1213 epistulam
1546 1169 1698 1213 accepit
1737 1168 1773 1204 II
1810 1170 1841 1212 8,

1126 1227 1182 1262 21.
1217 1226 1424 1271 epistulam
1459 1227 1758 1263 consolatoriam
1793 1227 1842 1263 ad

1129 1285 1338 1320 Macarium
1363 1285 1471 1322 dedit
1494 1285 1548 1320 IV
1571 1285 1651 1330 611,
1674 1285 1707 1320 6.

1174 1346 1360 1383 Paulinus
1395 1347 1439 1383 A.
1473 1346 1659 1383 beneficio
1696 1346 1843 1391 episco-

1128 1415 1263 1449 porum
1311 1404 1458 1441 Aurelii
1503 1409 1542 1441 et
1587 1404 1720 1450 Alypii
1774 1414 1843 1449 per

1128 1463 1210 1499 eius
1233 1463 1271 1499 in
1294 1462 1540 1499 Manichaeos
1561 1473 1680 1508 opera
1703 1473 1842 1508 cogno-

1129 1521 1187 1557 vit
1211 1521 1229 1556 I
1257 1521 1334 1567 123,
1361 1521 1414 1557 18.
1441 1521 1485 1557 A.
1510 1521 1648 1558 librum
1674 1520 1732 1557 ‘de
1758 1520 1843 1557 reli-

1128 1579 1255 1625 gione‘
1290 1579 1476 1615 Paulinus
1512 1579 1766 1615 libentissime
1804 1589 1843 1614 se

1129 1637 1257 1683 legere
1284 1637 1425 1673 litteris
1451 1637 1640 1673 indicavit
1665 1637 1682 1672 Ι
1707 1638 1763 1682 99,
1790 1637 1843 1672 13.

1130 1695 1174 1731 A.
1213 1699 1335 1731 totum
1377 1706 1416 1731 se
1455 1695 1618 1730 Paulino
1658 1694 1845 1731 offerebat

1129 1753 1146 1788 I
1177 1754 1234 1798 98,
1265 1754 1414 1797 17-99,
1444 1753 1477 1789 9.
1508 1753 1659 1789 Paulini
1689 1752 1847 1788 videndi

1130 1812 1323 1848 desiderio
1363 1822 1402 1847 se
1442 1811 1658 1847 excruciari
1694 1811 1789 1846 dicit
1828 1809 1845 1844 I

1130 1870 1185 1915 95,
1216 1870 1269 1905 15.
1297 1870 1352 1914 97,
1379 1870 1410 1905 9.
1440 1869 1476 1904 II
1503 1869 1536 1914 4,
1566 1869 1584 1903 1
1615 1873 1653 1905 et
1681 1868 1844 1914 flagitat,

1130 1932 1172 1963 ut
1199 1928 1236 1963 in
1263 1927 1434 1963 Africam
1459 1927 1592 1964 venire
1619 1927 1845 1973 dignaretur

1130 1985 1166 2020 11
1190 1986 1221 2030 4,
1248 1986 1374 2030 22—5,
1401 1985 1455 2021 12.
1484 1985 1584 2021 idem
1610 1984 1843 2021 desiderium

1130 2043 1302 2080 ostendit
1330 2043 1515 2079 Paulinus
1544 2042 1561 2078 I
1591 2043 1667 2088 124,
1698 2042 1751 2078 18.
1780 2041 1845 2078 ad-

1130 2112 1284 2137 versum
1316 2112 1491 2147 paganos
1522 2101 1725 2136 Paulinum
1755 2100 1846 2136 scri-

1130 2161 1219 2196 bere
1257 2170 1342 2195 cum
1380 2159 1596 2195 audivisset
1634 2159 1690 2204 A.‚
1728 2156 1845 2195 semel

1132 2221 1247 2263 atque
1276 2217 1412 2253 iterum
1442 2217 1479 2253 id
1508 2216 1555 2252 ab
1584 2227 1628 2252 eo
1657 2216 1848 2252 desidera-

1133 2276 1190 2311 vit
1231 2275 1267 2310 II
1306 2276 1338 2320 7,
1380 2275 1434 2311 19.
1476 2275 1531 2320 84,
1574 2274 1627 2310 11.
1670 2274 1747 2318 122,
1789 2274 1845 2308 20.

1133 2333 1284 2369 Paulini
1309 2333 1459 2369 litteras
1485 2333 1643 2368 summis
1667 2332 1846 2367 laudibus

1133 2391 1286 2427 extollit
1323 2391 1341 2426 I
1380 2391 1436 2436 97,
1478 2391 1603 2435 1-98,
1643 2391 1697 2426 19.
1738 2399 1846 2425 sanc-

1133 2453 1213 2484 tum
1258 2449 1449 2484 hominem
1495 2448 1556 2484 dei
1602 2459 1687 2483 eum
1732 2450 1848 2483 vocat

1133 2506 1169 2541 11
1195 2507 1274 2551 509,
1301 2506 1344 2541 12
1367 2510 1405 2542 et
1431 2506 1512 2542 eius
1538 2509 1674 2551 pectus
1700 2504 1845 2540 domini

1134 2564 1330 2600 oraculum
1368 2563 1405 2598 II
1443 2565 1475 2609 7,
1514 2563 1570 2599 21.
1610 2567 1688 2599 tres
1727 2563 1846 2598 libros

1134 2622 1192 2658 ‘de
1229 2622 1348 2658 libero
1389 2620 1560 2657 arbitrio‘
1598 2620 1774 2663 eimisit
1810 2619 1846 2654 II

1134 2682 1165 2726 7,
1204 2681 1236 2716 2.
1275 2680 1491 2716 Licentium
1529 2679 1766 2722 hortabatur,
1805 2682 1847 2713 ut

1134 2739 1295 2774 vaderet
1324 2740 1363 2775 in
1390 2737 1653 2782 Campaniam,
1680 2736 1847 2772 disceret

1133 2795 1348 2840 Paulinum,
1405 2806 1519 2841 quam
1563 2794 1748 2840 grandem
1793 2792 1847 2827 fa-

1135 2858 1234 2890 stum
1283 2853 1427 2889 saeculi
1474 2852 1586 2888 huius
1633 2851 1847 2889 cervicibus
