2078 3054
876 172 1017 212 Index
1044 170 1119 211 III.
1700 160 1749 207 17

235 301 331 335 quos
357 290 521 336 epistula
546 292 602 335 43,
626 291 675 327 ad
700 291 905 336 Eleusium,
931 291 1114 337 Glorium,
1138 292 1295 337 Felices,
1320 292 1546 337 quibuscum
1572 293 1752 339 Augusti-

227 357 303 385 nus
327 350 521 395 conloquii
549 355 731 386 eventum
757 351 1026 396 communicat,
1052 352 1155 396 quod
1180 352 1218 386 in
1242 352 1392 397 itinere,
1419 362 1504 387 cum
1530 352 1580 387 ad
1605 353 1752 396 episco-

231 419 321 453 pum
345 409 602 444 ordinandum
627 409 771 445 Cirtam
795 414 986 456 pergeret,
1009 410 1224 446 Tubursicu
1248 422 1333 446 cum
1356 411 1542 446 Fortunio
1566 411 1750 454 episcopo

230 468 435 503 Donatista
468 468 668 513 habuerat3
703 469 837 505 laudat
868 469 1029 504 Fortuni
1063 470 1288 505 facilitatem
1324 470 1679 515 humanitatemque
1714 474 1750 505 et

230 528 332 562 viam
358 528 555 563 inventam
581 538 665 563 esse
691 533 833 573 sperat,
856 539 932 574 qua
955 528 1137 564 miserum
1161 529 1255 564 illud
1281 529 1487 564 discidium
1511 529 1640 563 sanari
1665 539 1751 573 pos-

229 591 301 628 set3
343 591 632 622 commonerent
664 587 793 632 itaque
823 588 1047 632 episcopum
1079 598 1199 632 suum,
1230 598 1328 633 quae
1361 588 1399 623 in
1431 587 1634 632 conloquio
1665 597 1750 632 pro-

228 645 408 690 misisset,
438 650 488 691 et,
517 650 558 680 ut
587 656 648 681 res
680 650 818 689 coepta
849 651 1110 691 perageretur,
1141 647 1319 691 gnaviter
1349 647 1553 690 instarent3
1571 647 1599 691 ¹)
1646 646 1751 682 deni-

228 715 301 749 que
346 704 473 739 locum
519 705 713 749 proponit,
758 715 833 750 quo
883 706 1020 740 iterum
1066 706 1273 758 convenire
1321 710 1357 740 et
1404 710 1626 749 susceptum
1671 710 1749 740 tam

230 774 411 809 magnum
436 764 633 809 negotium
658 764 845 800 conficere
874 769 1047 809 possent3
1076 765 1332 800 rescriberent
1358 775 1462 810 sane,
1487 765 1580 810 quid
1606 765 1652 800 de
1679 765 1749 799 hac

229 832 268 856 re
300 822 362 856 vel
393 822 488 866 ipsis
520 822 583 857 vel
614 821 669 856 illi
701 822 943 867 videretur.²)
990 833 1094 869 quae
1121 832 1205 857 cum
1240 823 1294 857 ita
1325 823 1411 867 sint,
1448 833 1525 857 non
1556 827 1614 857 est
1647 823 1749 867 quod

231 880 460 925 dubitemus,
501 881 591 926 quin
631 880 854 925 disputatio,
894 891 1006 925 quam
1047 891 1132 916 cum
1173 880 1314 926 Glorio,
1355 881 1520 926 Eleusio,
1560 881 1749 916 Felicibus

227 938 396 974 habitam
423 950 506 975 esse
533 950 580 975 ex
606 939 774 983 epistula
797 940 842 975 43
870 939 1134 984 cognovimus,
1160 940 1336 985 quamvis
1363 940 1570 975 Fortunius
1596 940 1646 975 ibi
1673 951 1747 975 non

227 998 457 1043 nominetur,
484 998 565 1033 sive
591 998 787 1042 particeps
814 999 929 1033 fuerit
954 999 1034 1033 sive
1061 1009 1137 1033 non
1163 999 1289 1044 fuerit,
1315 1010 1359 1034 ea
1385 999 1471 1043 ipsa
1498 999 1559 1043 sit,
1585 1010 1682 1044 quae
1707 1004 1748 1035 ut

231 1058 423 1101 confieret,
450 1058 488 1091 in
514 1061 686 1092 extrema
712 1057 877 1102 epistula
903 1058 947 1092 44
974 1057 1021 1092 ab
1049 1058 1192 1092 eisdem
1217 1057 1443 1101 Donatistis,
1472 1057 1614 1102 Glorio,
1639 1058 1749 1093 Eleu-

227 1116 295 1159 sio,
329 1116 520 1151 Felicibus
553 1116 704 1161 flagitat
737 1116 989 1161 Augustinus.
1037 1117 1098 1150 cui
1132 1117 1346 1151 sententiae
1379 1117 1495 1151 etiam
1530 1117 1637 1161 ipsae
1671 1117 1749 1160 cpi-

228 1175 350 1210 stulae
376 1174 649 1220 suffragantur.
689 1175 830 1211 etenim
856 1176 895 1210 in
919 1175 1087 1219 epistula
1111 1176 1155 1210 44
1180 1186 1358 1221 magnam
1385 1176 1556 1211 ostendit
1582 1176 1748 1211 liberali-

225 1238 342 1267 tatem
363 1233 728 1278 benignitatemque,
753 1233 978 1268 Donatistas
999 1234 1049 1268 ad
1069 1234 1348 1269 restituendam
1370 1234 1615 1269 concordiam
1638 1245 1747 1278 para-

227 1295 286 1325 tos
323 1303 407 1327 esse
442 1291 618 1336 laetatur,
655 1293 694 1327 id
729 1303 845 1327 unum
881 1292 973 1338 agit,
1008 1298 1051 1328 ut
1085 1296 1346 1336 opportunum
1382 1293 1476 1328 illud
1511 1297 1663 1337 tempus
1699 1304 1745 1328 ne

226 1350 524 1392 pi·aetermittat;
577 1351 615 1384 in
655 1350 822 1393 epistula
861 1352 904 1385 43
944 1355 1072 1386 autem
1111 1355 1200 1394 post
1239 1351 1554 1395 disputationem,
1594 1351 1632 1385 in
1671 1362 1746 1396 qua

226 1408 367 1443 frustra
392 1419 549 1452 operam
576 1410 860 1453 consumpsisse
885 1410 1051 1453 videtur,
1076 1414 1221 1461 qu‘anta
1245 1415 1346 1444 esset
1374 1408 1665 1445 Donatistarum
1693 1410 1747 1444 in-

226 1466 333 1512 iuria,
367 1479 509 1513 magna
541 1479 625 1503 cum
658 1468 865 1504 severitate
898 1479 942 1503 ac
974 1463 1134 1503 tristitia
1165 1469 1291 1504 denuo
1327 1469 1487 1512 exponit
1518 1479 1672 1514 eosque,
1704 1473 1745 1504 ut

223 1525 268 1560 ad
301 1525 502 1561 ecclesiam
535 1527 763 1563 catholicam
794 1528 975 1573 redirent,
1007 1528 1198 1573 hortatur3
1242 1529 1343 1574 quod
1376 1539 1453 1574 qua
1485 1529 1603 1563 animi
1633 1528 1746 1564 affec-

225 1583 329 1619 tione
360 1584 504 1630 fecerit,
535 1591 708 1621 extrema
737 1588 856 1622 verba
887 1587 980 1622 satis
1011 1588 1293 1623 demonstrant:
1326 1589 1409 1623 Erit
1438 1592 1579 1630 autem,
1609 1588 1745 1633 inquit,

232 1642 336 1676 cobis
363 1643 424 1678 hic
451 1653 575 1678 sermo
603 1646 802 1686 correctio,
829 1646 863 1680 sc*
894 1646 1030 1687 velite's,
1059 1647 1169 1680 testis
1197 1655 1301 1687 vem,
1328 1647 1402 1680 etsi
1428 1646 1603 1691 nolitis.³)
1646 1656 1745 1681 erra-

222 1700 324 1736 visse
354 1701 471 1746 igitur
499 1702 694 1738 Maurinos
724 1703 763 1738 in
791 1704 925 1738 harum
954 1704 1206 1747 epistularum
1235 1704 1369 1739 ordine
1399 1710 1437 1739 et
1467 1705 1672 1748 epistulam
1700 1706 1744 1740 43

223 1764 310 1802 post
335 1760 541 1803 epistulam
565 1764 608 1796 44
633 1763 852 1805 ponendam
876 1773 960 1798 esse
985 1774 1096 1798 nemo
1124 1774 1201 1798 non
1224 1764 1422 1798 concedet.

339 1819 516 1862 Epistula
540 1823 584 1856 45
608 1832 644 1865 p.
670 1822 745 1865 122,
772 1822 806 1856 5:
843 1822 941 1856 Ecce
965 1833 1035 1867 per
1059 1826 1180 1858 totum
1205 1824 1412 1866 be'ennz'urn,
1437 1835 1485 1859 esc
1508 1835 1582 1869 quo
1607 1826 1743 1860 Roma-

223 1888 294 1913 nus
319 1882 356 1913 et
379 1880 503 1923 Agrilis
525 1881 574 1928 agi
597 1891 666 1914 vos
693 1885 974 1923 remeaverunt,
999 1882 1124 1917 nullas
1147 1893 1168 1917 α
1192 1883 1302 1918 vobis
1324 1884 1475 1918 litteras
1496 1886 1743 1930 sumpsimus,

221 1936 414 1972 Romanus
450 1945 486 1973 et
518 1938 642 1983 Agilis
677 1939 881 1982 epistulam
914 1940 959 1975 30
991 1951 1014 1975 a.
1046 1940 1209 1976 Paulino
1241 1942 1291 1976 ad
1325 1942 1584 1987 Augustinum
1617 1948 1744 1987 pertu-

223 1994 346 2029 lerant
361 1995 390 2041 ⁴)
420 2002 457 2033 et
483 1998 598 2040 paulo
626 2004 714 2042 post
741 2006 900 2044 accepto
929 2001 1136 2047 Augustini
1165 2013 1350 2046 responso
1378 2004 1427 2038 ad
1454 2004 1656 2040 Paulinum
1687 2016 1742 2040 rc-

224 2052 416 2097 ‹lierant.⁵)
443 2056 546 2099 quod
572 2067 656 2090 (11111
683 2058 887 2093 accidisset
913 2058 1015 2093 circa
1041 2059 1153 2095 finem
1180 2071 1212 2094 a.
1240 2061 1308 2095 395
1334 2066 1400 2095 aut
1428 2062 1577 2096 initium
1603 2073 1636 2097 a.
1663 2064 1742 2107 396,

222 2111 318 2146 hanc
342 2112 548 2156 epistulam
571 2114 727 2151 ineunte
755 2116 832 2152 fere
857 2127 890 2153 a.
914 2118 982 2153 398
1006 2118 1189 2162 scriptam
1213 2129 1296 2154 esse
1322 2126 1495 2164 apparet.

362 2171 540 2215 Epistula
564 2174 608 2209 46
635 2174 855 2211 Publicolae
882 2177 932 2212 ad
958 2177 1217 2223 Augustinum
1245 2181 1470 2225 episcopum
1496 2186 1534 2217 et
1559 2182 1616 2224 47,
1642 2192 1739 2226 quae

223 2227 430 2273 Augustini
454 2230 568 2266 habet
594 2242 834 2278 responsum,
858 2235 1024 2279 scriptae
1049 2242 1138 2272 sunt
1163 2238 1262 2273 inter
1285 2249 1318 2273 a.
1341 2239 1409 2273 396
1432 2243 1470 2274 et
1491 2240 1571 2284 399,
1596 2240 1738 2285 quippe

218 2295 302 2320 cum
331 2287 378 2322 de
404 2287 592 2324 idolorum
619 2290 818 2326 sacrificiis
846 2303 969 2328 sermo
995 2294 1044 2329 sit
1070 2294 1134 2338 ita,
1161 2300 1201 2330 ut
1226 2306 1356 2331 eorum
1382 2307 1491 2331 usum
1517 2297 1631 2332 etiam
1659 2302 1738 2332 tum

221 2345 414 2387 publicum
452 2347 569 2384 fuisse
609 2350 888 2393 perspiciamus
925 2353 1089 2388 necdum
1128 2355 1322 2399 cognitam
1361 2355 1483 2401 legem
1523 2356 1613 2390 XIII
1651 2357 1738 2392 Kal.

217 2471 286 2506 sub
310 2473 477 2508 medium
500 2485 533 2509 a.
557 2476 625 2511 397
645 2476 853 2514 Profuturo
878 2480 1102 2516 succederet
1125 2481 1254 2526 itaque
1276 2481 1466 2527 Possidio,
1488 2483 1628 2528 Megali
1656 2494 1738 2519 suc·

216 2531 372 2574 cessori,
402 2533 652 2577 episcopatus
683 2536 873 2581 dignitate
907 2542 1125 2583 praestaret
1158 2540 1220 2583 (cf.
1251 2550 1309 2585 ep.
1343 2543 1410 2577 176
1439 2552 1475 2586 p.
1506 2543 1585 2587 663,
1615 2543 1666 2587 5),
1699 2543 1735 2578 id

217 2589 318 2633 quod
346 2590 541 2627 Maurinos
575 2594 613 2628 in
645 2594 900 2632 describendo
933 2597 1067 2633 harum
1100 2599 1351 2642 epistularum
1385 2606 1557 2644 ternpore
1591 2608 1738 2645 pertur-

216 2648 322 2683 bavit
350 2649 413 2691 (cf.
443 2650 571 2696 Migne
601 2654 738 2697 patrol.
766 2654 831 2691 lat.
860 2655 1024 2691 XXXIII
1052 2668 1088 2702 p.
1115 2659 1169 2702 21,
1198 2659 1377 2703 22—37).

358 2709 387 2753 ²)
416 2718 457 2753 p.-
478 2711 556 2755 120,
579 2711 726 2747 19-21.
967 2716 996 2759 ²)
1026 2726 1062 2760 p.
1088 2717 1164 2760 121,
1189 2717 1313 2754 8-25.

358 2768 388 2811 ³)
417 2779 453 2812 p.
479 2770 556 2814 109,
584 2771 733 2815 10—123
772 2773 818 2808 cf.
845 2785 879 2819 p.
906 2776 960 2820 86,
988 2777 1041 2811 18.
1257 2782 1286 2824 ⁴)
1316 2790 1374 2823 ep.
1401 2782 1444 2816 30
1470 2792 1505 2826 p.
1532 2783 1607 2827 125,
1635 2785 1664 2817 1.

356 2830 386 2870 ⁵)
416 2836 475 2870 ep.
504 2829 546 2863 31
578 2840 613 2873 p.
641 2832 673 2874 2,
702 2832 736 2874 63
766 2832 821 2867 23.

286 2894 383 2921 LVIII.
406 2896 593 2929 Augustinus.
615 2899 875 2934 (Goldbacher.)
1481 2911 1502 2944 2
