2078 3054
292 160 374 202 124
957 171 1105 207 >Index
1129 171 1173 206 V.

294 288 296 290 ’
335 291 402 326 sed
438 291 586 325 tantum
622 299 689 334 per
725 292 897 334 tempora
933 287 1047 323 etiam

334 348 417 393 ipsa
450 348 642 384 mutabilis
675 352 717 384 ut
748 347 887 392 anima,
919 350 957 384 et
989 349 1047 382 est

335 411 482 450 natura,
513 417 610 452 quae
643 418 712 443 nec
744 418 810 452 per
839 407 945 442 locos
976 416 1045 442 nec

334 476 398 511 per
431 472 602 511 tempora
633 465 771 501 mutari
804 469 942 511 potest,
973 465 1046 500 hoc

333 525 426 561 deus
453 529 509 560 est
535 525 551 559 Ι
577 526 632 568 45,
659 525 713 559 11.
739 524 866 559 anima
891 524 929 559 in
955 534 1044 569 qua-

328 584 414 618 dam
435 583 639 619 medietate
660 583 788 628 posita
807 586 866 619 est
885 583 984 618 infra
1004 593 1043 618 se

335 641 478 677 habens
533 642 770 687 corporalem
827 644 1041 677 creaturam

330 710 446 746 supra
479 711 518 736 se
550 704 678 736 autem
710 701 769 736 sui
803 704 841 736 et
872 700 1043 745 corporis

329 763 541 795 creatorem
577 759 630 794 III
667 760 745 803 157,
782 759 836 794 12.
873 770 952 795 non
985 764 1043 795 est

328 829 416 863 pars
448 818 510 854 dei
541 818 668 854 anima
698 818 751 853 III
781 818 862 863 549,
893 818 1042 863 4—-550,

327 878 359 913 9.
390 877 555 912 animam
584 886 661 912 non
691 880 838 922 partem
866 877 928 913 dei
958 886 1042 913 esse

328 935 516 972 credimus
549 936 616 972 sed
647 939 862 972 creaturam
892 946 962 972 nec
994 935 1042 972 de

327 995 400 1032 deo
437 999 566 1030 natam
605 995 673 1031 sed
709 994 758 1030 ab
795 995 860 1031 illo
898 995 1041 1033 factam

327 1053 379 1089 IV
405 1054 483 1098 140,
509 1054 563 1089 11.
588 1051 715 1089 anima
739 1053 1040 1091 rationalisnon

328 1117 386 1148 est
425 1117 564 1149 natura
603 1113 677 1158 dei,
718 1113 786 1149 sed
826 1117 955 1149 tamen
993 1123 1039 1149 ea

325 1174 453 1216 potest
504 1171 772 1216 participando
823 1164 1041 1207 inluminari

326 1230 379 1265 III
406 1229 484 1274 160,
513 1230 570 1274 14;
596 1230 643 1271 ct.
672 1230 724 1265 IV
747 1230 829 1274 313,
854 1230 888 1266 9.
913 1230 1040 1266 anima

325 1299 402 1324 non
427 1298 566 1333 corpus
592 1292 650 1325 est
676 1289 743 1324 sed
769 1288 937 1334 spiritus,
962 1298 1039 1324 non

324 1350 475 1383 creator
509 1347 640 1392 utique
676 1347 743 1383 sed
777 1351 955 1397 creatura
987 1345 1039 1382 IV

326 1406 404 1450 140,
445 1407 498 1441 14.
537 1406 618 1450 313,
657 1406 691 1442 8.
716 1406 895 1444 ‚animam
923 1405 1038 1447 *omni

322 1459 482 1511 corpore
503 1475 632 1501 carere
654 1465 807 1510 penitus
826 1475 903 1501 non
925 1474 1037 1511 posse

324 1524 388 1559 illa
411 1535 471 1560 res
496 1524 677 1568 ostendit,
701 1524 791 1569 quia
813 1524 908 1560 deus
933 1523 1038 1560 solus

321 1583 425 1618 omni
463 1593 621 1628 corpore
658 1593 808 1627 semper
843 1586 949 1619 caret
983 1581 1038 1626 111

322 1643 402 1687 496,
429 1641 470 1677 13
494 1641 664 1687 (Evod.).
684 1642 780 1688 quid
805 1641 1036 1677 convenien-

322 1700 398 1735 tius
425 1699 554 1745 pecori
580 1703 639 1736 est
665 1710 779 1745 quam
806 1699 932 1745 putari
958 1699 1037 1735 ani-

321 1769 421 1794 mam
452 1769 591 1804 corpus
622 1757 730 1794 esse?
761 1758 778 1793 I
801 1758 840 1803 -1,
873 1759 927 1794 13.
958 1758 1036 1793 ani-

321 1828 404 1853 mae
434 1817 557 1853 veluti
588 1808 814 1863 perpetuum
843 1817 1037 1863 quoddam

321 1887 461 1922 corpus
490 1876 553 1912 vel
584 1876 693 1922 quasi
723 1886 862 1922 corpus
892 1887 915 1912 a
944 1886 1036 1912 non-

320 1935 437 1980 nullis,
479 1935 593 1971 etiam
636 1935 775 1971 dicitur
818 1935 1036 1971 vehiculum

321 1994 337 2028 I
363 1994 421 2030 30.
452 1994 506 2028 16.
535 1996 712 2029 versatur
740 1993 786 2029 de
816 1993 944 2029 anima
971 1993 1035 2028 ob-

321 2051 541 2088 scurissima
572 2052 759 2097 quaestio,
791 2055 918 2087 utrum
950 2062 1035 2088 cum

319 2112 449 2158 aliquo
483 2121 642 2157 corpore
676 2112 870 2158 egreditur
890 2121 922 2146 ·e
954 2120 1035 2146 cor-

321 2181 423 2216 pore,
461 2181 536 2217 quo
575 2171 698 2216 possit
735 2171 783 2206 ad
820 2169 1035 2215 corporalia

319 2230 405 2279 loca
434 2230 524 2266 ferri
552 2230 616 2266 vel
645 2230 741 2266 locis
772 2227 1035 2281 corporalibus

320 2289 508 2325 contineri
538 2289 593 2324 III
624 2289 704 2333 498,
738 2289 792 2324 13.
825 2288 927 2333 quod
959 2296 1034 2332 quo

321 2349 435 2384 modo
462 2347 539 2394 fiat,
562 2348 727 2385 definire.
748 2359 824 2384 non
848 2349 1032 2385 audetA.

322 2406 374 2441 lII
396 2407 475 2450 498,
497 2406 552 2440 212
573 2406 652 2450 499,
674 2407 706 2442 7.
728 2407 809 2450 502,
831 2407 886 2451 10,
906 2409 1034 2442 certus

324 2467 453 2500 tamen
494 2467 553 2499 est
594 2474 672 2500 non
714 2464 795 2500 fieri
838 2464 1033 2510 corporeis

321 2522 482 2559 molibus
515 2535 584 2559 nec
618 2525 812 2570 corporeis
845 2514 1037 2571 qualitati-

321 2580 392 2618 bus
421 2582 476 2617 III
504 2583 584 2627 499,
614 2584 669 2619 14.
698 2584 778 2628 502,
810 2584 865 2619 14.
893 2585 974 2629 514,
1003 2585 1036 2621 8.

321 2641 528 2687 quaeritur,
556 2643 870 2687 utrum-aliquod
898 2635 1036 2688 corpus

324 2699 385 2744 sit,
415 2700 518 2745 quod
548 2711 627 2736 rem
660 2701 934 2746 incorpoream,
965 2703 1037 2738 hoc

323 2763 382 2795 est
424 2761 544 2806 ipsius
589 2762 738 2798 animae
784 2763 1036 2799 substantiam

324 2831 400 2857 non
432 2822 597 2868 deserat,
629 2834 714 2859 cum
745 2824 934 2861 dimiserit
964 2825 1035 2861 hoc

1130 290 1320 322 terrenum
1380 297 1518 332 eorpus
1576 286 1735 330 (Evod.)
1792 286 1842 320 III

1130 348 1208 385 491.
1237 347 1408 391 17—493,
1438 349 1490 383 13.
1515 348 1594 391 494,
1620 348 1654 382 9.
1681 347 1761 390 498,
1788 348 1843 382 13.

1129 417 1214 442 cum
1244 417 1291 442 ex
1320 410 1502 452 quattuor
1531 406 1731 442 elementis
1761 416 1842 442 cor-

1128 475 1198 509 pus
1223 468 1386 508 constet,
1409 464 1574 500 moriens
1597 474 1714 499 unum
1739 465 1843 499 vide-

1127 527 1188 558 tur
1234 523 1423 567 amittere,
1472 523 1636 559 calidum
1684 522 1842 562 scilicet,

1127 583 1228 626 quod
1267 575 1366 618 forte
1407 593 1535 617 secum
1574 582 1654 627 ipse
1693 581 1841 617 animus

1123 641 1252 685 trahit,
1271 641 1302 677 si
1321 641 1368 676 (le
1386 641 1471 676 loco
1490 641 1538 676 ad
1558 641 1683 676 locum
1703 640 1841 685 migrat

1126 699 1179 735 III
1230 700 1309 744 493,
1361 700 1393 734 7.
1440 699 1486 734 -11
1539 699 1709 743 (Evod.).
1760 697 1841 734 fieri

1124 762 1264 803 potest,
1292 762 1333 793 ut
1361 769 1473 794 carne
1502 758 1699 793 nominata
1725 757 1840 793 etiam

1124 817 1252 853 anima
1303 817 1548 862 intellegatur
1600 820 1637 852 et
1690 816 1840 851 animae

1124 876 1415 912 nomine-etiam
1440 886 1579 921 corpus
1604 875 1840 921 significetur

1124 935 1176 970 IV
1206 935 1283 979 154,
1311 935 1345 970 2.
1372 936 1404 970 9.

1170 994 1226 1030 De
1277 993 1424 1039 origine
1475 994 1624 1029 animae
1675 992 1838 1029 hominis

1097 1060 1184 1098 ἐρ.
1228 1053 1305 1088 166.
1349 1052 1402 1087 III
1445 1052 1524 1096 258,
1567 1052 1739 1094 10—261,
1781 1051 1836 1086 24.

1122 1114 1305 1156 quattuor
1332 1112 1379 1147 de
1408 1111 1554 1157 origine
1583 1111 1733 1146 animae
1760 1110 1839 1155 opi-

1122 1171 1257 1207 niones
1292 1170 1344 1205 III
1379 1170 1458 1215 255,
1492 1171 1546 1205 14.
1582 1170 1636 1206 18.
1670 1170 1748 1213 261,
1783 1169 1838 1204 11.

1121 1230 1201 1274 556,
1227 1231 1259 1265 1.
1282 1230 1362 1274 573,
1387 1230 1422 1273 7;
1447 1229 1614 1274 quinque
1641 1231 1837 1265 enumerat

1120 1288 1376 1333 Hieronymus
1409 1288 1490 1331 542,
1522 1289 1554 1322 4.
1585 1288 1666 1330 556,
1700 1288 1756 1330 11;
1791 1297 1836 1322 ex

1120 1346 1258 1392 quibus
1282 1346 1454 1392 quisquis
1480 1346 1647 1391 aliqua-m
1670 1345 1836 1381 voluerit

1121 1406 1338 1450 defendere,
1369 1406 1462 1440 talia
1494 1406 1664 1450 proferat
1695 1405 1759 1440 vel
1789 1404 1836 1440 de

1120 1464 1331 1510 scripturis,
1390 1475 1488 1510 quae
1550 1474 1627 1500 non
1687 1463 1836 1509 possint

1119 1523 1230 1559 aliter
1274 1523 1409 1569 accipi,
1455 1523 1518 1559 vel
1563 1523 1712 1559 ratione
1758 1526 1834 1558 tam

1117 1586 1235 1627 certa,
1265 1582 1593 1618 utxcontradietio
1625 1582 1729 1618 nulla
1759 1581 1834 1617 exi-

1119 1645 1197 1677 stat
1223 1641 1277 1678 111
1303 1641 1380 1685 261,
1410 1641 1468 1685 113
1494 1651 1590 1685 eam,
1617 1651 1715 1686 quae
1742 1651 1835 1676 vera

1119 1704 1188 1745 est,
1231 1711 1308 1736 non
1347 1700 1544 1736 adversari
1584 1702 1738 1745 oportet
1777 1709 1834 1734 ro-

1119 1759 1363 1796 bustissimae
1429 1770 1474 1795 ac
1540 1759 1833 1794 fundatissimae

1117 1810 1218 1865 fidei,
1249 1830 1325 1864 qua
1356 1819 1519 1855 ecclesia
1551 1829 1620 1854 nec
1651 1818 1833 1863 parvulos

1118 1890 1141 1914 a
1186 1879 1433 1914 damnatione
1480 1877 1601 1914 credit
1647 1877 1721 1912 nisi
1768 1887 1834 1922 per

1116 1938 1281 1984 gratiam
1325 1937 1488 1973 nominis
1534 1937 1675 1972 Christi
1721 1945 1832 1980 posse

1117 1997 1271 2033 liberari
1305 1997 1358 2032 III
1393 1997 1473 2040 585,
1508 1996 1543 2039 23
1579 1996 1625 2037 cs.
1660 1994 1741 2038 570,
1778 1995 1831 2029 14.

1117 2057 1197 2100 573,
1232 2057 1266 2091 5.
1303 2056 1400 2091 inter
1435 2054 1563 2090 varias
1600 2054 1647 2090 de
1684 2054 1832 2089 animae

1118 2115 1264 2161 origine
1284 2115 1485 2164 opiniones
1506 2124 1551 2150 ea
1571 2117 1721 2149 tantum
1739 2124 1832 2148 vera

1118 2186 1202 2211 esse
1233 2178 1373 2221 potest,
1403 2187 1478 2221 qua
1509 2179 1659 2211 retenta
1687 2178 1833 2211 certum

1118 2234 1248 2270 haberi
1307 2236 1429 2280 possit
1488 2238 1575 2280 post
1632 2237 1832 2279 peccatum

1118 2293 1228 2339 primi
1259 2294 1422 2330 hominis
1456 2298 1568 2330 natos
1600 2304 1685 2330 esse
1717 2297 1831 2338 atquo

1119 2353 1225 2389 nasci
1260 2357 1408 2389 ceteros
1442 2353 1614 2389 homines
1647 2353 1686 2388 in
1719 2354 1833 2388 carne

1119 2412 1268 2457 peccati
1294 2412 1356 2449 ,III
1392 2412 1472 2456 255,
1508 2413 1565 2455 1ος
1601 2413 1648 2454 cf.
1682 2411 1763 2457 580,
1799 2411 1833 2446 5.

1119 2471 1199 2515 585,
1234 2472 1267 2506 1.
1298 2471 1350 2506 IV
1385 2472 1461 2516 158,
1497 2472 1551 2508 17.
1587 2473 1665 2518 160,
1700 2473 1754 2508 10.
1788 2473 1834 2508 A.

1120 2533 1322 2576 utrumque
1357 2542 1398 2566 se
1429 2531 1577 2567 nescire
1610 2531 1764 2576 fatetur,
1796 2536 1835 2568 et

1121 2592 1247 2624 utrum
1282 2600 1348 2635 per
1384 2590 1632 2635 propaginem
1669 2601 1717 2626 an
1753 2590 1834 2626 sinc

1121 2649 1329 2694 propagine
1352 2649 1501 2685 animae
1523 2649 1684 2695 singulis
1707 2649 1834 2695 singu-

1120 2707 1178 2743 lae
1228 2707 1321 2743 fiant
1370 2710 1408 2743 et
1456 2718 1531 2753 quo
1582 2701 1695 2743 mo'do
1746 2708 1833 2744 inde

1119 2766 1246 2801 anima
1271 2770 1471 2811 peccatum
1496 2767 1734 2812 originaliter
1759 2771 1833 2803 tra-

1120 2824 1197 2867 hat,
1232 2825 1332 2862 unde
1367 2825 1604 2872 originaliter
1638 2826 1722 2873 ipsa
1757 2836 1833 2861 non
