2078 3054
870 163 1011 199 Index
1038 161 1112 198 111.
1688 146 1743 194 33

375 278 550 323 Epistula
577 279 644 314 112
670 279 718 314 ad
744 277 937 314 Donatum
966 278 1110 323 scripta
1137 283 1207 323 est,
1232 283 1436 324 postquam
1465 278 1743 324 magistratum,

234 348 345 383 quem
371 348 440 382 pro
465 337 632 381 consule,
657 342 699 372 ut
727 347 842 382 supra
869 337 917 372 ad
945 346 1004 380 ep.
1032 337 1098 371 100
1125 336 1303 380 diximus⁷
1329 347 1430 371 anno
1455 337 1522 372 408
1550 337 1587 371 in
1613 337 1743 371 Africa

234 395 464 440 obtinuerat,
499 395 690 439 deposuit,
724 400 839 440 atque
875 405 1008 430 reeens
1044 394 1145 429 illius
1181 394 1526 429 administrationis
1562 394 1743 429 memoria

233 454 535 489 ostentat.}iaud
569 453 724 498 longum
758 453 941 496 temporis
974 453 1140 496 spatium
1174 452 1262 487 inde
1296 452 1570 487 intercessisse.
1615 463 1744 496 quam-

233 520 346 555 quam
379 510 410 545 si
445 510 529 555 quis
562 515 732 555 quaerat,
767 511 921 555 quando
954 509 1128 545 Donatus
1161 510 1388 555 magistratu
1422 520 1461 545 se
1494 510 1744 554 abdicaverit,

234 568 327 603 nihil
353 567 457 602 aliud
486 572 613 611 potest
639 568 844 612 adfirmari,
875 568 948 603 nisi
974 578 1076 602 anno
1105 568 1172 602 410
1200 567 1431 603 Macrobium
1459 567 1648 613 quendam
1677 568 1744 603 ibi-

235 626 320 660 dem
349 636 415 670 pro
446 626 602 660 consule
631 625 763 667 suisse3
792 625 841 660 ad
869 636 954 660 eum
984 625 1082 660 enim
1113 625 1227 659 missa
1256 628 1313 660 est
1343 624 1404 659 lex
1433 635 1466 659 a.
1495 625 1529 659 d.
1558 625 1628 659 VII
1658 625 1744 660 Kal.

234 682 351 718 Iulias
378 694 411 718 a.
442 684 509 717 410
535 682 750 718 Ravennae¹
772 683 908 727 data.¹)
950 683 1078 728 itaque
1109 683 1220 718 huius
1247 683 1435 727 epistulae
1463 687 1614 727 tempus
1643 684 1745 718 intra

234 751 374 775 annum
402 741 469 775 409
495 746 530 775 et
559 741 626 775 410
650 741 850 777 verissime
877 741 1134 776 constitueris.

374 798 570 842 Epistulas
606 798 789 834 113—116
824 799 1064 844 Augustinus
1099 809 1230 834 omnes
1267 810 1342 835 uno
1379 800 1457 835 fere
1496 805 1667 846 tempore
1706 801 1743 835 in

234 854 396 890 Faventi
430 855 629 891 cuiusdam
665 865 782 891 causa
817 856 970 901 scripsit
1005 856 1166 900 primam
1205 857 1253 892 ad
1289 857 1546 903 Cresconium,
1584 859 1742 893 alteram

232 913 280 947 ad
316 913 589 959 Florentinum,
624 914 776 949 tertiam
811 915 859 949 ad
894 915 1156 959 Fortunatum,
1191 915 1239 950 ad
1276 926 1387 960 quem
1423 916 1534 950 simul
1568 921 1742 961 quartam

233 969 337 1005 misit
369 971 618 1017 rogavitque,
642 976 685 1006 ut
717 982 800 1006 eam
835 971 1042 1016 Generoso,
1077 972 1269 1008 consulari
1306 972 1521 1017 Numidiae,
1555 974 1744 1009 redderet.

233 1038 345 1072 quam
377 1039 530 1064 causam
563 1034 605 1064 ut
635 1028 872 1074 defenderet,
902 1029 1024 1074 legem
1056 1030 1193 1074 adfert,
1227 1041 1301 1075 qua
1334 1041 1558 1066 concessum
1589 1035 1658 1074 est,
1690 1031 1744 1065 in-

233 1086 325 1129 quit,
363 1088 430 1129 eis,
469 1089 533 1132 qni
568 1088 999 1132 praecipiuntur
1038 1088 1098 1130 ab
1138 1088 1323 1133 aliqua
1362 1092 1649 1132 potestate
1690 1091 1743 1124 iu-

232 1142 343 1178 diciis
374 1145 556 1187 esi-hiberi,
586 1148 628 1179 ut
658 1145 719 1179 ad
749 1142 906 1188 y'esta
939 1146 1302 1189 municipalia
1336 1147 1598 1191 perducantur
1628 1150 1744 1192 atque

234 1201 311 1236 illic
347 1203 795 1247 interroyentur,
832 1206 1004 1238 utrum
1043 1204 1222 1238 velint
1261 1205 1500 1249 triyinta
1537 1205 1656 1240 dies
1693 1206 1742 1239 in

234 1269 289 1291 ea
327 1260 590 1302 civitate,
630 1261 694 1294 ubi
732 1263 921 1303 tenentur,
958 1271 1073 1305 ayere
1112 1262 1206 1295 sub
1243 1263 1522 1297 moderata
1562 1266 1744 1297 custo-

232 1315 318 1350 ‹lz'a
359 1317 421 1351 acl
462 1318 739 1361 parandos
779 1318 888 1354 sibi
928 1319 1147 1359 fructus
1188 1320 1250 1353 vel
1293 1330 1392 1354 rem
1435 1330 1602 1362 suam,
1643 1321 1742 1355 sicut

237 1383 392 1408 necesse
434 1375 562 1417 fuerit,
605 1375 762 1410 ordin
778 1386 837 1415 an
853 1376 877 1410 d
893 1387 914 1410 a
930 1376 1008 1421 m.²)
1066 1376 1162 1411 hanc
1208 1376 1332 1422 legem
1376 1387 1459 1412 esse
1505 1388 1601 1422 eam,
1645 1388 1742 1423 quae

234 1430 463 1474 imperatore
491 1431 660 1468 Honorio
686 1443 718 1467 a.
745 1433 779 1468 d.
805 1432 876 1467 XII
903 1434 989 1468 Kal.
1015 1434 1242 1469 Februarias
1267 1445 1300 1469 a.
1326 1435 1393 1469 409
1417 1434 1626 1470 Ravennae
1652 1436 1743 1471 data

233 1494 303 1523 est:
337 1490 377 1524 Si
409 1500 502 1534 quos
534 1494 836 1534 praecepto
871 1492 1108 1526 iudicum
1140 1494 1444 1536 praemisso
1480 1494 1744 1537 inscriptionis

233 1547 385 1581 vinculo
423 1559 507 1582 reos
542 1548 667 1587 factos
701 1549 976 1584 adminiculum
1012 1551 1139 1584 curiae
1176 1552 1356 1595 propriae
1393 1552 1559 1596 diriqere
1600 1553 1743 1586 iussum

232 1604 359 1649 suerit,
387 1607 821 1649 municipalibus
846 1608 990 1641 actis
1017 1609 1452 1652 mzterroyerztur,
1479 1620 1538 1643 an
1565 1609 1743 1643 velint

234 1662 340 1697 iuxta
366 1667 615 1708 praeceptum
642 1665 882 1709 trimnplzalis
909 1667 1030 1708 patris
1059 1667 1180 1701 nostre·
1206 1666 1309 1700 XXX
1337 1667 1529 1701 (liebus
1555 1667 1628 1701 sibi
1657 1677 1742 1701 con-

233 1721 352 1754 cessis
377 1731 395 1754 s
409 1730 432 1753 u
448 1721 470 1754 b
495 1731 527 1754 m
545 1731 566 1754 o
581 1721 605 1755 d
621 1732 640 1754 e
656 1732 673 1756 r
687 1732 708 1755 a
725 1725 774 1756 ta
800 1726 838 1756 et
863 1723 1040 1767 diliyenti
1065 1734 1085 1757 c
1101 1734 1122 1757 ιι
1138 1727 1220 1758 sto
1235 1723 1259 1757 (ἰ
1276 1725 1322 1757 ia
1351 1727 1509 1768 propter
1534 1734 1555 1758 ο
1572 1735 1589 1758 r
1602 1725 1626 1758 (I
1643 1725 1654 1758 ἱ
1669 1735 1689 1759 n
1707 1735 1742 1758 (ι-

235 1778 432 1812 tz'onem
459 1779 642 1813 domus
666 1780 928 1823 propriae
952 1781 1339 1825 parandosque
1365 1782 1472 1816 sibi
1497 1785 1744 1826 sumptus

233 1834 282 1868 in
316 1835 556 1870 civitate
590 1837 800 1881 residere,³)
836 1848 882 1872 ex
915 1838 1118 1873 verborum
1153 1839 1401 1873 similitudine
1438 1849 1546 1874 nemo
1580 1850 1656 1874 non
1691 1840 1744 1874 in-

233 1891 400 1936 telleget.
437 1893 532 1927 sicut
557 1899 682 1929 autem
708 1905 783 1928 non
807 1901 894 1929 ante
919 1906 1059 1930 annum
1085 1896 1151 1930 409
1175 1896 1288 1931 scribi
1312 1902 1518 1940 potuerunt
1543 1897 1743 1941 epistulae,

237 1948 286 1983 ita
312 1959 387 1983 non
413 1957 496 1993 {vost
523 1961 661 1985 annum
689 1952 767 1990 423,
793 1963 867 1995 quo
895 1952 1084 1987 Honorius
1111 1958 1281 1987 mortuus
1307 1957 1375 1988 est.
1401 1954 1501 1997 quod
1529 1954 1625 1988 enim
1653 1954 1744 1989 dicit

234 2006 471 2049 Augustinus
504 2010 618 2052 ‘qnod
653 2010 896 2052 imperatoris
929 2011 1013 2055 leye
1046 2013 1304 2055 praecipitur,
1338 2013 1452 2056 ‘quod
1485 2012 1548 2046 lez
1582 2014 1742 2056 impera-

234 2066 327 2098 toris
351 2065 465 2107 iubet,
489 2067 597 2099 cuius
621 2068 674 2100 rei
699 2068 875 2111 publicae
899 2069 1064 2111 militas,
1090 2071 1145 2103 ‘ut
1166 2070 1213 2103 ab
1236 2070 1467 2114 imperatore
1492 2074 1742 2114 praeceptum

232 2120 342 2164 est‘‚⁴)
376 2122 447 2156 nisi
477 2122 567 2157 vivo
597 2123 766 2159 Honorio
794 2125 870 2159 dici
899 2135 974 2160 non
1005 2126 1140 2170 potuit.
1183 2127 1349 2170 scriptae
1378 2133 1466 2162 sunt
1498 2127 1614 2172 igitur
1645 2127 1742 2161 inter

232 2187 265 2211 a.
292 2179 359 2213 409
388 2185 422 2214 et
451 2180 528 2214 423.

374 2238 571 2282 Epistulae
597 2241 674 2274 117.
698 2239 776 2274 118.
801 2240 879 2275 119.
896 2241 982 2275 122.
1009 2242 1085 2276 124.
1110 2242 1186 2277 125.
1212 2243 1278 2277 126
1302 2252 1434 2277 omnes
1460 2243 1625 2286 scriptae
1655 2246 1743 2276 sunt

232 2295 333 2329 circa
358 2296 394 2331 id
421 2302 582 2340 tempus,
613 2308 687 2342 quo
713 2298 952 2341 Augustinus
982 2299 1206 2334 valitudinis
1234 2300 1465 2343 infirmitate,
1493 2306 1533 2334 ut
1559 2300 1743 2344 aliquam-

232 2352 296 2387 diu
327 2354 406 2388 ruri
435 2359 547 2398 esset,
578 2355 626 2389 ab
656 2354 833 2398 Hippone
864 2356 1062 2392 discedere
1093 2362 1248 2392 coactus
1280 2357 1404 2401 erat.⁵)
1452 2358 1552 2402 quod
1589 2357 1742 2401 qua-ndo

233 2410 374 2445 factum
400 2411 459 2455 sit,
483 2423 528 2447 ex
554 2412 718 2456 epistula
747 2413 810 2446 124
837 2413 1031 2457 discimus,
1056 2426 1129 2459 qua
1158 2426 1196 2450 se
1221 2415 1333 2449 modo
1359 2426 1573 2460 regressum
1599 2414 1742 2458 Hippo-

232 2467 383 2503 ilienses
421 2469 467 2504 de
505 2470 680 2505 absentia
719 2481 788 2504 sua
825 2471 1147 2513 periculosissime
1187 2472 1469 2507 scandalizatos
1508 2473 1740 2515 comperisse

231 2524 368 2569 dicim)
409 2537 571 2571 namque
602 2527 701 2562 misit
731 2528 827 2562 hane
855 2529 1058 2572 epistulam
1088 2530 1135 2564 ad
1166 2530 1355 2574 Albinam,
1383 2530 1596 2574 Pinianum,
1628 2530 1741 2565 Mela-

372 2640 400 2683 ¹)
428 2640 617 2676 Theodos.
644 2642 706 2676 lib.
734 2642 785 2677 XI
814 2644 868 2687 28,
895 2644 928 2677 6.

370 2697 399 2740 ²)
429 2708 464 2741 p.
488 2699 567 2743 660,
594 2699 745 2742 23—273
772 2700 818 2734 cf.
847 2712 880 2744 p.
906 2702 983 2745 660,
1010 2702 1138 2741 6-1ος
1165 2702 1244 2745 662,
1270 2703 1375 2743 5-8;
1402 2703 1550 2738 21-23.

371 2755 400 2797 ³)
428 2755 616 2791 Theodos.
639 2757 701 2792 lib.
725 2757 776 2792 IX
800 2757 831 2801 2,
855 2759 887 2792 6.
1072 2759 1101 2803 ⁴)
1131 2769 1166 2803 p.
1189 2760 1268 2803 660,
1290 2760 1325 2803 63
1352 2761 1430 2799 661,
1451 2762 1556 2796 5-62
1580 2761 1658 2805 662,
1684 2761 1737 2795 21.

372 2811 399 2853 ”’)
431 2812 498 2855 Ep.
531 2814 595 2848 118
627 2823 661 2856 p.
690 2815 769 2859 698,
798 2815 899 2849 5—6.
1075 2817 1103 2861 ⁶)
1134 2827 1168 2860 p.
1203 2817 1233 2853 2.
1263 2818 1388 2851 9-10.

300 2877 401 2904 LVIII.
424 2879 611 2913 Augustinus.
632 2880 895 2912 (Goldbacher.›
1492 2887 1512 2919 3
