2078 3054
295 179 375 220 198

340 307 395 342 III
423 308 501 353 640,
532 308 584 343 15.
611 308 690 353 641,
716 309 751 352 73
781 308 827 349 cf.
857 307 908 342 IV
938 307 991 353 19,
1019 308 1050 343 8.

339 376 471 401 verum
495 367 543 401 ad
567 366 756 401 Iulianum
780 366 1050 410 imperatorem

341 423 565 468 petitionem
629 424 817 459 miserunt
878 423 1052 459 (licentes

339 482 443 526 apud
464 492 549 517 eum
575 482 695 517 solam
717 482 903 517 iustitiam
925 482 1051 517 locum

339 539 479 576 habere
507 539 542 574 II
568 540 646 585 456,
676 539 729 575 18.
756 539 835 584 602,
864 540 894 574 1.
922 539 1051 575 catho-

338 598 423 633 licis
456 598 684 643 obiciebant,
718 598 821 643 quod
854 608 916 633 res
951 597 1053 642 ipso-

339 666 421 691 rum
444 656 762 700 concupiscerent
785 660 823 691 et·
844 655 1051 699 auferrent,

339 715 442 760 quod
476 714 725 759 opprobrium
760 714 804 749 A.
839 724 862 748 a
895 713 1053 749 catholi-

340 772 395 807 cis
422 772 574 816 repellit
598 772 650 807 IV
675 772 731 817 31,
756 771 814 816 213
841 772 887 813 cf.
913 771 949 806 II
972 772 1051 816 493,

339 830 394 866 22.
436 829 490 865 IV
531 831 586 875 37,
630 830 663 865 5.
718 829 1053 874 reprehendebant

340 888 563 933 catholicos,
603 888 705 933 quod
748 887 873 923 sobrie
914 887 1053 932 psalle-

339 950 425 982 rent
459 946 498 982 in
533 946 697 982 ecclesia
732 945 866 981 divina
901 945 1053 981 cantica

339 1002 627 1049 prophetarum,
663 1014 747 1039 cum
783 1003 858 1048 ipsi
892 1003 1054 1039 ebrieta-

339 1067 397 1098 tes
428 1073 517 1098 suas
545 1063 594 1098 ad
610 1062 801 1098 canticum
818 1061 1051 1106 psalmorum

340 1121 452 1167 quasi
477 1120 526 1156 ad
552 1121 665 1156 tubas
691 1120 973 1158 exhortationis
999 1119 1053 1154 in-

339 1179 581 1215 flammarent
616 1178 652 1214 II
690 1178 769 1223 209,
806 1177 838 1213 4.
874 1177 1053 1213 maledici

340 1247 388 1273 ex
411 1236 628 1273 Donatistis
651 1236 756 1272 aliud
779 1236 872 1282 quid
895 1235 1054 1271 catholi-

341 1305 406 1331 cos
432 1295 472 1338 in
497 1295 618 1331 altare
645 1295 708 1333 dei
734 1304 879 1339 ponere
904 1294 1053 1329 iactita-

340 1354 434 1389 bant
456 1352 491 1387 II
516 1353 595 1398 462,
620 1353 674 1388 19.
698 1351 901 1388 ecclesiam
925 1351 1054 1387 catho-

340 1411 452 1446 licam
499 1410 751 1455 appellabant
794 1409 1053 1445 Macarianam

341 1474 380 1505 et
407 1469 618 1504 catholicos
646 1468 888 1503 Macarianos
912 1467 949 1502 II
976 1467 1054 1512 142,

340 1528 372 1563 9.
405 1527 485 1572 406,
518 1526 572 1562 13.
605 1526 724 1572 aliqui
755 1536 804 1561 ex
837 1524 1054 1561 Donatistis

341 1585 390 1621 ad
433 1585 622 1621 unitatem
665 1583 895 1620 catholicam
937 1583 1053 1619 etiam

342 1642 564 1679 inimicitias
626 1642 865 1687 perditorum
927 1640 1054 1686 parati

343 1701 531 1738 sustinere
557 1701 789 1744 transibant,
820 1700 888 1736 sed
912 1699 1054 1744 plures,

342 1759 519 1805 quamvis
555 1759 594 1795 id
630 1758 787 1803 vellent,
824 1768 890 1793 eos
925 1761 1054 1792 tamen

341 1817 526 1862 homines,
586 1816 724 1862 quibus
771 1819 882 1851 tanta
929 1815 1055 1850 fuerat

341 1875 499 1911 licentia
537 1874 749 1919 saeviendi,
787 1873 963 1909 inimicos
1001 1873 1056 1908 fa-

342 1944 427 1969 cere
483 1943 560 1968 non
615 1933 824 1975 audebant,
881 1930 1056 1967 nonnulli

343 1991 485 2037 quippe
534 1991 632 2035 illos,
680 2000 765 2025 cum
813 1987 1077 2033 transissenffl

343 2048 630 2085 crudelissimos
661 2048 767 2093 passi
801 2051 890 2083 sunt
919 2047 972 2081 IV
1002 2037 1076 2091 15,Ῐ

346 2107 403 2150 14;
432 2106 480 2148 ct.
507 2106 561 2151 12,
589 2106 642 2141 17.
670 2106 706 2140 II
733 2105 812 2150 448,
839 2105 871 2140 8.
898 2104 1057 2151 Donati-

346 2168 430 2200 stae
456 2164 569 2209 enim,
597 2164 629 2200 si
657 2164 742 2210 quis
769 2163 819 2198 ad
846 2162 1057 2198 catholicos

344 2222 545 2266 transibat,
606 2221 871 2257 crudelissime
931 2230 1059 2265 perse-

346 2281 561 2325 quebantur
599 2279 635 2314 II
670 2279 749 2324 597,
786 2278 911 2314 9—21.
950 2277 1057 2323 regio

342 2336 620 2382 Hipponiensis
634 2336 926 2373 Donatistarum
942 2335 1059 2370 auda-

346 2396 406 2431 cia
440 2399 478 2431 et
511 2399 660 2431 tumore
694 2395 907 2439 laborabat,
939 2398 981 2430 ut
1014 2394 1058 2429 A.

346 2453 591 2498 praesidialis
625 2453 743 2489 edicti
777 2452 962 2487 auxilium
996 2461 1060 2496 pe-

347 2515 446 2547 teret
483 2520 542 2555 ep.
579 2511 633 2546 86.
671 2521 769 2556 quae
806 2510 974 2545 maxima
1011 2519 1058 2545 ex

347 2569 637 2605 Donatistarum
679 2568 884 2603 schismate
922 2567 1060 2603 redun-

347 2629 477 2664 darint
506 2628 608 2664 mala
639 2628 675 2663 II
708 2628 763 2672 21,
797 2628 850 2663 18.
882 2627 961 2672 631,
992 2628 1060 2663 7—-

347 2688 426 2729 633.
465 2688 518 2724 11.
556 2688 609 2722 IV
647 2688 700 2733 14,
736 2688 768 2723 3.
806 2698 919 2733 quam
955 2687 1058 2722 viam

350 2748 513 2784 ecclesia
537 2748 713 2793 ingressa
738 2747 798 2792 sit,
823 2751 865 2782 ut
889 2757 955 2782 eos
980 2757 1060 2782 cor-

348 2807 491 2852 rigeret
521 2807 556 2841 II
587 2807 666 2851 446,
695 2807 868 2851 21-449,
900 2806 952 2841 15.
981 2806 1059 2850 604,

351 2866 404 2901 15.
427 2865 564 2911 quibus
586 2865 878 2902 condicionibus
898 2866 1061 2902 ecclesia

964 193 1102 228 ludex
1134 194 1175 228 V.

1138 308 1339 354 catholica,
1379 320 1463 346 cuin
1503 312 1553 347 ad
1592 322 1631 348 se
1672 312 1849 348 venirent

1137 376 1184 401 ex
1212 372 1322 411 parte
1350 367 1504 414 Donati,
1531 379 1597 405 eos
1624 370 1849 415 susciperet,

1137 426 1298 468 exponit
1341 425 1384 461 A.
1427 426 1463 460 II
1492 427 1570 472 222,
1605 427 1656 462 18.
1686 428 1764 472 223,
1797 429 1849 462 18.

1138 482 1191 517 IV
1214 483 1270 527 37,
1294 483 1442 530 10-41,
1466 485 1521 520 24.
1547 485 1720 532 quisquis
1745 486 1849 530 apud

1137 540 1364 577 Donatistas
1405 546 1564 587 propter
1605 543 1850 588 disciplinam

1137 599 1374 644 degradatus
1406 600 1456 636 ad
1487 601 1716 637 catholicam
1748 606 1852 637 tran-

1139 657 1213 692 sire
1241 657 1375 703 voluit,
1404 658 1442 693 in
1470 658 1736 695 humiliatione
1763 669 1851 704 pae-

1137 714 1324 751 nitentiae
1355 715 1614 760 recipiebatur
1644 718 1692 752 ab
1723 717 1852 763 Augu-

1140 772 1254 818 stino,
1307 783 1381 819 quo
1434 777 1472 810 et
1527 773 1581 809 illi
1636 774 1711 818 ipsi
1765 785 1850 810 eum

1139 829 1303 866 forsitan
1341 835 1536 877 cogerent,
1575 832 1606 867 si
1645 833 1749 877 apud
1785 842 1851 868 eos

1138 899 1293 924 manere
1318 889 1507 925 voluisset
1532 889 1638 935 1129,
1655 890 1708 926 10.
1734 890 1852 925 Maxi-

1137 946 1404 982 mianistarum
1466 947 1566 983 inter
1625 947 1852 984 Donatistas

1140 1004 1306 1040 schisma
1346 1014 1415 1050 pro
1456 1005 1621 1042 eeclesia
1661 1006 1853 1041 catholic-a

1137 1062 1298 1098 mult-um
1351 1062 1489 1108 valuit3
1544 1063 1700 1107 plurimi
1750 1063 1850 1099 enim

1138 1120 1474 1157 confundebantur
1505 1125 1544 1158 et
1576 1121 1616 1157 in
1646 1121 1853 1157 manifesta

1139 1178 1304 1214 veritate
1360 1179 1632 1215 erubescentes
1687 1179 1853 1225 corrige-

1138 1236 1279 1272 bantur
1310 1236 1363 1272 IV
1394 1237 1447 1282 16,
1478 1237 1509 1272 2.
1540 1237 1598 1282 13;
1630 1248 1677 1273 ex
1707 1248 1783 1283 qua
1813 1247 1852 1272 re

1140 1295 1231 1340 quid
1261 1299 1509 1330 consecutum
1539 1295 1587 1330 sit
1617 1295 1670 1338 16,
1700 1295 1754 1330 16.

1186 1363 1346 1400 Atrocia
1365 1362 1657 1400 Donatistarum
1680 1364 1854 1399 facinora

1139 1425 1178 1457 et
1212 1421 1462 1458 crudelitates
1495 1421 1532 1457 II
1566 1422 1645 1466 414,
1681 1421 1852 1466 14—415,

1140 1480 1172 1515 3.
1201 1479 1281 1524 418,
1313 1479 1366 1515 14.
1398 1480 1476 1524 597,
1507 1479 1657 1524 9-598,
1689 1479 1742 1515 16.
1774 1480 1852 1524 643,

1142 1537 1195 1573 11.
1234 1536 1287 1572 IV
1327 1537 1382 1582 14,
1422 1538 1474 1573 13.
1517 1537 1571 1582 15,
1612 1538 1665 1572 14.
1705 1538 1758 1582 16,
1798 1538 1852 1572 16.

1140 1595 1195 1640 25,
1239 1595 1364 1631 9-15.
1407 1595 1463 1641 25,
1507 1595 1656 1640 20-26,
1701 1596 1755 1631 17.
1797 1596 1853 1639 28,

1141 1653 1292 1698 13-—213
1350 1654 1418 1689 sed
1474 1652 1685 1689 catholicos
1741 1653 1854 1688 huius

1139 1712 1245 1749 modi
1270 1711 1448 1748 adflictos
1474 1711 1586 1747 malis
1613 1721 1853 1757 consequens

1141 1769 1363 1805 consolatus
1422 1773 1481 1805 est
1541 1769 1703 1814 fructus3
1766 1779 1853 1803 nam

1141 1827 1370 1873 ubicumque
1402 1839 1426 1863 a
1456 1827 1620 1872 perditis
1650 1827 1725 1862 ista
1756 1837 1854 1862 com-

1141 1885 1259 1920 missa
1289 1889 1389 1931 sunt,
1416 1885 1468 1921 ibi
1495 1885 1710 1921 ferventius
1738 1889 1853 1930 atquc

1142 1943 1353 1987 perfectius
1374 1943 1503 1979 unitas
1527 1942 1747 1979 Christiana
1769 1953 1854 1987 pro-

1142 2001 1234 2036 fecit
1275 2000 1328 2036 IV
1370 2001 1425 2046 28,
1465 2001 1520 2036 22.
1562 2000 1853 2036 Donatistarum

1142 2059 1268 2095 rabies
1291 2059 1536 2105 furiosaeque
1562 2058 1771 2094 violentiae
1795 2069 1855 2093 us-

1143 2127 1216 2162 que
1255 2128 1406 2163 quaque
1446 2116 1671 2152 saeviebant
1707 2116 1760 2150 IV
1799 2116 1855 2160 24,

1144 2175 1174 2210 1.
1200 2175 1232 2220 5,
1257 2185 1335 2210 non
1359 2174 1577 2219 defuerunt,
1601 2174 1666 2220 qui
1691 2178 1728 2209 et
1753 2174 1855 2209 codi-

1143 2243 1206 2268 ces
1241 2232 1456 2268 dominicos
1489 2232 1529 2268 in
1563 2232 1736 2267 flammas
1771 2231 1855 2267 mit-

1142 2293 1269 2326 terent
1312 2290 1366 2325 IV
1409 2290 1465 2335 28,
1508 2290 1564 2335 20,
1621 2293 1767 2325 terrore
1811 2298 1854 2324 ac

1142 2351 1249 2384 metu
1301 2349 1485 2384 tenebant
1536 2347 1747 2382 catholicos
1802 2346 1855 2390 14,

1143 2405 1268 2441 2—22.
1326 2405 1611 2441 mandaverunt
1656 2404 1856 2440 catholicis

1144 2463 1299 2509 quidam
1325 2464 1543 2508 presbyteri
1567 2463 1689 2507 partis
1713 2462 1855 2498 Donati

1143 2521 1331 2556 dicentes:
1378 2520 1572 2556 ‘Recedite
1616 2531 1640 2555 a
1681 2520 1856 2564 plebibus

1145 2579 1297 2623 nostris,
1331 2579 1362 2613 si
1395 2588 1472 2613 non
1504 2578 1634 2620 vultis,
1668 2582 1710 2612 ut
1742 2578 1856 2612 inter-

1145 2636 1318 2672 ficiamus
1345 2646 1416 2672 vos
1444 2635 1480 2670 II
1509 2636 1587 2680 595,
1617 2636 1673 2679 123
1701 2635 1746 2677 cf.
1777 2635 1855 2672 610.

1146 2694 1199 2730 11.
1224 2694 1366 2730 multas
1390 2693 1692 2730 violentissimas
1717 2693 1856 2728 caedes

1145 2755 1182 2787 et
1225 2755 1375 2796 strages
1420 2751 1593 2796 plerique
1636 2750 1857 2786 Donatista-

1146 2821 1227 2845 rum
1269 2813 1306 2845 et
1347 2808 1521 2853 episcopi
1563 2812 1600 2844 et
1641 2807 1855 2853 presbyteri

1145 2871 1183 2903 et
1230 2867 1389 2913 quilibet
1434 2866 1563 2902 clerici
1610 2865 1856 2912 congregatis
