2078 3054
302 162 384 205 258

305 280 616 317 Marcianus
683 282 864 326 Urgensis
931 283 1061 318 catho-

350 339 460 373 licam
505 340 689 374 unitatem
733 340 884 384 propria
928 341 1062 375 volun-

349 401 427 431 tate
467 398 621 442 delegit.
661 398 723 442 qui
764 408 848 432 cum
890 398 1063 442 fugisset,

347 454 622 489 subdiaconum
663 455 744 490 eius
785 466 902 500 prope
941 466 1062 500 usque

346 512 394 546 ad
419 516 579 547 mortem
605 523 758 547 caesum
784 513 912 548 clerici
937 514 1062 549 Dona-

349 570 464 605 tistae
517 570 707 615 lapidibus
763 570 969 605 obruerunt
1027 572 1060 606 II

345 628 424 671 597,
457 628 510 662 18.

299 690 330 724 M
347 701 433 726 arc
451 691 500 725 ia
513 702 538 725 n
552 701 624 734 us,
675 691 964 736 antiquissimus
1017 692 1060 726 Α.

345 749 490 783 amicus
523 749 574 783 IV
606 749 686 785 605.
718 751 750 792 7,
781 750 935 794 gentilis
968 753 1061 793 erat,

345 807 411 841 sed
450 806 665 842 doctrinam
703 807 956 842 Christianam
997 807 1061 842 ad-

344 864 501 909 amavit,
554 865 601 899 de
655 875 731 909 qua
783 876 821 899 re
876 868 1059 910 quantum

343 922 541 966 gauderet.
574 923 618 957 A.
652 923 685 957 ei
719 922 870 967 scripsit
904 934 960 967 ep.
993 923 1061 957 258

344 990 505 1024 eumque
537 981 762 1015 exhortatus
796 984 866 1025 est,
898 986 939 1015 ut
971 980 1061 1025 bap-

344 1038 446 1072 tismi
470 1041 750 1073 sacramentum
774 1038 986 1083 perciperet
1008 1037 1059 1072 IV

343 1096 422 1139 609,
449 1096 482 1130 5.
512 1096 565 1130 12.
591 1097 671 1132 610,
697 1097 729 1131 6.

297 1152 496 1188 Marcio
549 1157 587 1188 et
639 1153 884 1188 Manichacus
938 1154 1058 1199 legem

342 1211 613 1246 destruxerunt
643 1211 677 1246 II
704 1213 784 1247 308.
814 1212 843 1245 1.

296 1274 693 1310 Marcionistae
730 1275 852 1318 legem
890 1279 1059 1310 veterem

343 1335 381 1367 et
443 1333 650 1377 prophetas
713 1332 920 1367 canonicos
983 1343 1059 1367 non

342 1390 597 1435 accipiebant,
622 1390 814 1435 negabant
841 1391 939 1425 enim
965 1391 1059 1426 haee

342 1449 389 1483 ad
415 1448 527 1483 deum
551 1448 692 1484 bonum
718 1453 754 1483 et
781 1449 829 1483 ad
855 1448 1077 1499 Clu-istum„

342 1506 424 1541 eius
450 1506 579 1551 filium,
605 1506 795 1551 pertinere
823 1506 873 1540 IV
898 1507 977 1542 526.
1003 1506 1059 1540 21.

341 1574 470 1598 corum
504 1564 763 1599 dissensiones
798 1564 1059 1608 quaestiones-

342 1632 414 1666 que
452 1622 495 1656 A.
531 1626 702 1667 tempore
739 1623 811 1656 iam
850 1621 1059 1657 silebantur

342 1679 375 1713 ΙΙ
397 1680 477 1723 677,
497 1681 531 1715 3.

295 1736 520 1772 Marcum
553 1741 590 1772 et
624 1737 763 1772 Lucam
798 1737 1058 1780 evangelistas

341 1795 539 1839 apostolos
568 1795 686 1830 fuisse
714 1806 788 1830 non
817 1795 976 1840 legimus
1006 1793 1058 1829 ΙΙΙ

341 1853 420 1897 358,
453 1853 506 1888 17.

295 1910 326 1944 Μ
343 1921 366 1945 a
380 1922 396 1944 r
412 1922 430 1945 c
447 1921 471 1945 u
487 1921 520 1948 s,
556 1910 759 1955 episcopus
796 1910 990 1945 Romanus
1025 1910 1059 1944 II

343 1968 420 2012 154,
449 1969 479 2003 1.

294 2031 327 2065 M
343 2042 365 2065 a
380 2042 397 2065 r
411 2041 429 2065 c
445 2042 469 2066 u
486 2041 518 2075 s,
580 2031 779 2076 presbyter
838 2030 1058 2076 Casphalia-

342 2089 482 2133 nensis,
522 2100 547 2123 a
586 2089 734 2124 nemine
776 2094 934 2124 coactus
976 2099 1059 2133 pro-

342 2146 423 2190 pria
467 2146 668 2181 voluntate
714 2146 926 2181 catholicus
973 2156 1058 2181 cum

342 2204 466 2238 factus
498 2207 611 2248 esset,
642 2215 664 2238 a
691 2204 905 2239 Donatistis
936 2215 1058 2248 paene

342 2262 493 2296 occisus
522 2265 581 2297 est
607 2262 641 2296 II
668 2262 747 2297 597.
774 2263 806 2296 9.

297 2325 329 2359 M
345 2336 398 2359 ar
415 2325 423 2359 i
439 2336 461 2359 a
483 2325 592 2370 virgo
618 2325 655 2359 in
678 2325 932 2369 concipienda
952 2324 1057 2369 prole

345 2386 480 2417 sancta
523 2382 593 2417 sub
635 2382 857 2417 umbraculo
901 2382 1056 2416 virtutis

341 2440 517 2474 altissimi
571 2440 673 2474 nullo
729 2440 864 2475 ardore
919 2450 1057 2474 concu-

343 2497 552 2542 piscentiae
585 2497 749 2532 carnalis
781 2498 976 2532 aestuavit
1007 2496 1058 2531 IV

344 2555 421 2599 109,
459 2556 513 2589 18.
550 2555 596 2590 (16
633 2555 753 2590 Maria
787 2559 907 2589 matre
943 2555 1075 2595 Volu-.

343 2612 472 2647 sianus
500 2613 745 2657 quaestiones
774 2613 816 2646 A.
843 2612 1057 2657 proposuit3

343 2671 477 2704 mirum
507 2670 605 2706 enim
635 2670 769 2714 videri,
797 2670 899 2714 quod
928 2670 1057 2704 mundi

344 2728 519 2761 (lominus
562 2732 597 2762 et
642 2731 767 2762 rector
811 2728 1058 2762 intemeratae

344 2785 508 2820 feminae
534 2795 673 2829 corpus
701 2785 949 2829 implevisset,
977 2795 1057 2829 per-

346 2842 499 2877 tulisset
512 2842 644 2877 decem
661 2843 843 2877 mensium
862 2843 978 2887 longa
991 2842 1054 2877 illa
1073 2888 1075 2895 γ

973 178 1115 216 Index
1144 180 1188 216 V.

1146 285 1303 320 fastidia
1341 290 1463 322 mater
1503 290 1541 322 et
1582 291 1709 324 tamen
1748 289 1859 335 virgo

1146 342 1259 377 enixa
1281 348 1385 379 esset
1407 345 1663 382 sollemnitate
1688 347 1859 392 pariendi

1146 404 1185 434 et
1231 405 1317 446 post
1363 402 1456 437 haec
1503 403 1706 448 virginitas
1754 410 1861 450 puta-

1146 462 1249 492 rctur
1278 459 1424 494 intacta
1447 460 1500 494 III
1525 461 1582 504 91,
1609 462 1663 496 11.
1689 463 1738 497 ad
1763 473 1860 508 quae

1148 515 1189 550 A.
1242 517 1440 561 respondit
1488 518 1540 552 ΙΙΙ
1591 519 1647 563 98,
1697 521 1730 554 3.
1784 521 1862 563 100,

1146 573 1317 618 12-107,
1346 575 1399 610 13.
1428 575 1506 619 115,
1534 576 1588 610 14.
1616 576 1694 620 116,
1723 578 1777 612 10.
1805 578 1860 612 17.

1145 631 1191 666 (16
1221 631 1444 676 virginitate
1474 637 1631 669 sanctae
1660 634 1801 670 Mariae
1830 635 1860 670 si

1145 689 1228 731 hoc,
1263 690 1366 734 quod
1403 690 1631 736 scripsisset,
1667 702 1743 726 non
1780 703 1861 736 per-

1145 747 1324 782 suaderet
1355 747 1437 782 fieri
1469 748 1653 793 potuisse,
1685 749 1862 795 neganda

1145 814 1228 838 esse
1258 805 1386 839 omnia
1415 805 1509 840 dicit
1538 806 1593 850 A.,
1623 817 1721 851 quae
1750 806 1860 842 mira-

1143 861 1267 897 biliter
1300 863 1338 897 in
1371 863 1595 908 corporibus
1628 864 1860 899 accidissent

1143 919 1196 953 III
1244 920 1323 964 262,
1373 921 1403 955 1.
1452 921 1669 965 passionem
1718 921 1859 956 Mariae

1142 987 1330 1022 nusquam
1359 978 1540 1023 scriptam
1568 989 1655 1014 esse
1679 990 1748 1015 nec
1776 990 1858 1015 eam

1142 1045 1303 1079 usquam
1337 1036 1412 1081 legi
1446 1037 1613 1071 occisam
1648 1037 1703 1072 ait
1735 1037 1859 1072 Pauli-

1143 1103 1213 1128 nus
1239 1093 1274 1127 ΙΙ
1298 1094 1378 1138 738,
1402 1095 1434 1128 4.
1461 1095 1540 1138 740,
1567 1095 1625 1138 113
1650 1095 1696 1135 cf.
1723 1095 1801 1139 741,
1827 1095 1858 1129 1.

1142 1150 1181 1184 in
1213 1150 1353 1186 Mariae
1385 1151 1508 1197 figura
1539 1152 1703 1187 ecclesia
1734 1156 1793 1187 est
1825 1152 1858 1187 ΙΙ

1141 1208 1220 1252 717,
1254 1208 1310 1243 20.

1095 1270 1370 1306 Marianus
1423 1272 1627 1317 episcopus
1680 1273 1717 1307 in
1770 1283 1858 1307 con-

1142 1329 1229 1363 cilio
1282 1329 1577 1374 Carthaginensi
1629 1330 1755 1365 adfuit
1806 1329 1857 1365 Ill

1141 1386 1220 1431 653,
1251 1387 1280 1422 1.

1094 1444 1331 1479 Marinus
1379 1445 1429 1480 ab
1473 1445 1594 1490 Aquis
1642 1445 1857 1481 Tibilitanis

1142 1503 1342 1538 confessus
1373 1503 1536 1539 traditor
1566 1503 1601 1538 II
1632 1504 1710 1548 155,
1741 1504 1795 1538 15.

1095 1564 1359 1610 [Marinus]
1406 1576 1535 1601 comes
1581 1576 1658 1601 non
1705 1566 1857 1602 nominc

1141 1623 1356 1667 appellatur
1394 1623 1442 1658 ab
1480 1624 1537 1667 A.,
1575 1624 1642 1659 sed
1679 1627 1761 1659 tota
1799 1634 1856 1668 ep.

1142 1681 1206 1714 151
1241 1681 1288 1716 (16
1322 1681 1480 1725 perfidia
1512 1682 1594 1717 eius
1627 1685 1665 1717 et
1698 1682 1857 1717 crudeli-

1141 1741 1220 1773 tate
1246 1742 1316 1782 est,
1342 1749 1454 1783 quam
1480 1739 1652 1774 exercuit
1676 1739 1713 1774 in
1740 1749 1858 1774 causa

1141 1795 1360 1831 Marcellini.

1094 1853 1232 1888 Maro
1266 1864 1300 1888 v.
1334 1854 1536 1899 Vergilius.

1094 1916 1126 1950 M
1143 1926 1246 1960 ars,
1274 1918 1383 1953 cuius
1411 1918 1487 1952 duo
1517 1917 1721 1952 simulacra
1749 1921 1855 1953 erant

1140 1974 1178 2008 in
1204 1974 1287 2009 foro
1313 1974 1620 2009 Madaurensium
1646 1986 1762 2010 unum
1789 1985 1840 2009 nu

1140 2032 1229 2066 dum
1265 2032 1426 2067 alterum
1461 2036 1649 2067 armatum
1684 2033 1699 2067 Ι
1733 2034 1790 2075 40,
1824 2033 1856 2067 7.

1094 2089 1264 2124 Marso
1282 2100 1297 2123 s
1346 2091 1406 2133 (ut
1453 2092 1690 2134 serpentium
1737 2090 1856 2124 dome·-

1142 2148 1263 2189 tores)
1312 2147 1619 2182 contradicturos
1671 2157 1753 2183 esse
1803 2147 1855 2182 ait

1142 2204 1196 2239 A..
1234 2215 1293 2245 ne*
1319 2205 1482 2240 dicatur:
1523 2206 1663 2240 ‘Astuti
1702 2209 1744 2240 ut
1781 2215 1855 2240 ser-

1141 2262 1286 2306 pentes‘
1316 2263 1349 2297 II
1378 2263 1457 2306 183,
1483 2264 1517 2298 3.

1094 2325 1462 2360 Martinianus
1530 2329 1568 2361 et
1632 2325 1855 2370 Religianus

1141 2383 1311 2427 episcopi
1359 2383 1627 2426 consederunt,
1677 2393 1762 2418 cum
1811 2383 1855 2416 A.

1141 2451 1401 2475 successorem
1438 2440 1507 2475 sibi
1543 2440 1771 2485 designabat
1805 2439 1855 2474 IV

1139 2499 1219 2541 373,
1248 2498 1279 2532 1.

1094 2558 1321 2599 martyr:
1374 2556 1519 2590 framea
1567 2555 1730 2590 maxime
1779 2558 1855 2589 tru-

1140 2613 1257 2647 cidati
1290 2617 1379 2648 sunt
1409 2616 1596 2657 martyres
1628 2613 1680 2647 III
1713 2613 1791 2656 190,
1820 2613 1853 2646 3.

1140 2681 1216 2705 non
1260 2674 1422 2715 possunt
1464 2670 1601 2706 habere
1634 2674 1853 2714 ‘martyrum

1139 2732 1311 2772 mortem,
1345 2728 1408 2772 qui
1442 2727 1745 2762 Christianorum
1778 2737 1854 2761 non

1141 2785 1284 2820 habent
1311 2786 1430 2820 vitam
1462 2785 1513 2819 IV
1543 2786 1621 2828 319,
1653 2785 1710 2828 183
1742 2785 1788 2826 cf.
1821 2783 1854 2818 ῘΙ

1139 2843 1218 2887 621,
1251 2843 1293 2877 14
1324 2843 1487 2887 (Cypra).
1520 2842 1572 2876 III
1602 2843 1681 2886 644,
1715 2843 1768 2877 17.
1801 2842 1853 2876 in-
