2078 3054
334 148 487 183 Xlell
974 150 1214 183 Praefatio.

328 273 392 309 est
428 265 746 321 disputandum.
786 279 911 307 unam
952 266 1174 320 epistulam
1214 270 1471 321 postremam
1510 267 1603 323 (55)
1636 267 1678 308 in
1712 267 1857 310 codice

329 330 573 372 Monacensi
605 329 717 370 6266
749 343 831 371 non
864 342 957 371 esse
989 329 1187 371 diximus.
1222 343 1331 383 quae
1354 343 1610 385 quamquam
1632 331 1857 373 abeodem

327 394 496 436 librario
538 393 708 447 scripta,
755 393 789 435 si
833 393 1017 448 speciem
1060 398 1243 448 spectas,
1290 393 1395 435 nihil
1437 408 1463 436 a
1504 394 1656 437 ceteris
1701 394 1857 448 differt,

327 463 483 509 tamen,
537 471 630 498 cum
684 457 812 498 multo
866 456 1107 499 mendosior
1154 463 1193 498 et
1241 458 1371 499 multo
1417 459 1555 513 magis
1601 460 1859 513 graviusque

327 521 579 575 interpolata
619 520 685 572 sit,
729 533 782 561 ex
825 520 907 561 alio
948 534 1040 562 eam
1082 521 1198 562 fonte
1239 527 1366 574 atque
1408 527 1571 564 ceteras
1616 522 1858 565 manavisse

327 589 505 627 constat.
555 597 692 637 neque
738 584 878 625 minus
926 584 1004 625 lioc
1051 583 1325 626 confirmatur
1370 585 1557 639 parvulis
1604 586 1858 640 quibusdam

325 649 463 700 rebus,
507 648 623 689 velut
662 647 860 689 librarius
901 648 943 689 in
986 648 1137 690 ceteris
1179 648 1371 704 epistulis
1413 649 1553 699 Icarus,
1597 649 1773 700 karitas,
1815 650 1858 692 in

325 711 405 753 hac
436 726 603 766 semper
634 712 846 753 scribebat
877 726 1013 766 carus,
1048 714 1218 754 caritas.
1252 713 1542 768 corrigebatur
1573 712 1705 755 codex
1730 727 1858 755 manu

325 775 493 830 aequali
526 776 597 830 (m.
623 775 681 830 2),
714 789 822 828 quae
855 789 880 816 a
911 775 1071 817 librarii
1105 790 1232 818 manu
1266 790 1583 831 nonnumquam
1616 777 1689 818 vix
1720 782 1860 831 potest

324 839 546 895 distingui3
580 853 674 880 rara
705 844 847 881 autem
878 839 1124 882 recentioris
1156 854 1306 882 manus
1338 841 1520 895 vestigia
1551 840 1726 882 subrufo
1745 846 1855 882 atra-

325 904 454 947 menti
487 904 621 945 colore
644 904 999 946 inter-noscuntur.
1033 917 1170 957 neque
1193 909 1278 945 tam
1302 904 1543 946 coniectura
1564 918 1688 958 quam
1713 903 1858 946 codice

324 968 465 1022 aliquo
496 981 549 1009 m.
574 968 599 1007 2
632 981 750 1009 usam
785 981 878 1009 esse
910 967 1052 1009 multis
1084 968 1234 1016 locis1‘)
1269 969 1576 1023 comprobatur.

385 1030 551 1074 Codex
599 1031 883 1073 Marcianus
930 1031 1023 1072 637
1074 1045 1183 1073 saec.
1218 1032 1305 1073 XII
1352 1032 1534 1087 scriptus
1580 1031 1657 1074 has
1705 1045 1855 1074 novem

326 1095 512 1138 continet
543 1095 766 1150 epistulas:
808 1095 901 1136 163.
939 1095 1031 1136 164.
1067 1095 1134 1136 98.
1173 1095 1266 1137 102.
1304 1095 1382 1137 187
1417 1095 1556 1152 (deest
1586 1109 1685 1151 pars
1718 1101 1855 1150 poste-

324 1159 438 1214 rior).
479 1159 573 1201 156.
618 1160 710 1201 157.
750 1159 817 1200 93.
856 1159 948 1200 194.
966 1159 998 1214 ²)
1042 1173 1093 1201 ex
1137 1160 1290 1213 quibus
1333 1173 1427 1201 cnm
1471 1160 1657 1214 quinque
1698 1160 1858 1215 priores

323 1223 605 1277 antiquiorum
642 1223 947 1277 meliorumque
980 1223 1171 1265 codicum
1203 1223 1287 1265 fide
1320 1223 1423 1266 satis
1454 1225 1539 1265 sint
1570 1223 1855 1275 confirmatae,

324 1287 625 1342 posterioribus
665 1292 827 1329 tantum
872 1291 1067 1341 quattuor
1108 1301 1208 1329 usus
1250 1300 1354 1329 sum.
1400 1288 1556 1329 etenim
1600 1288 1641 1329 in
1675 1287 1857 1342 epistula

327 1351 407 1393 156
430 1355 471 1393 ct
496 1351 574 1392 157
599 1352 774 1406 penuria
795 1351 992 1393 librorum
1018 1360 1134 1404 mss,
1151 1365 1326 1405 quorum
1349 1352 1420 1405 qui
1441 1355 1538 1393 sunt
1559 1351 1856 1405 antiquissimi,

325 1414 587 1458 Coloniensis
620 1414 674 1456 80
705 1420 745 1456 et
778 1414 1034 1457 Bodleianus
1057 1415 1191 1457 Laud.
1216 1416 1331 1457 misc.
1361 1416 1439 1456 133
1463 1429 1516 1457 ex
1540 1414 1689 1457 eodem
1712 1428 1855 1457 exem-

324 1479 427 1533 plari
448 1478 625 1533 profecti
643 1493 716 1533 pro
740 1492 821 1521 uno
844 1484 941 1520 sunt
964 1479 1150 1521 habendi
1173 1484 1230 1534 (p.
1251 1479 1475 1534 XXXIV),
1493 1479 1734 1521 Marcianus
1757 1479 1854 1531 637,

324 1543 518 1596 quamvis
550 1542 730 1595 mendis,
772 1543 1181 1597 interpolationibus,
1224 1543 1387 1585 lacunis
1419 1543 1473 1585 sit
1505 1547 1738 1597 corruptus,
1771 1556 1854 1584 non

324 1605 427 1648 nihil
470 1606 582 1648 valet
624 1607 771 1648 eadem
816 1606 869 1648 de
911 1620 1053 1659 causa,
1096 1620 1179 1661 qua
1221 1607 1460 1649 Parisinum
1500 1620 1595 1648 noV.
1625 1620 1717 1659 aeq.
1747 1606 1853 1646 1449

323 1684 406 1712 non
450 1669 732 1725 spernendum
776 1683 869 1713 esse
911 1684 949 1725 p.
985 1671 1129 1713 XLIII
1171 1670 1369 1713 diximus.
1431 1675 1558 1725 atque
1601 1670 1750 1712 similis
1792 1675 1855 1712 est

322 1734 429 1775 ratio
462 1734 735 1789 epistularum
768 1734 824 1775 93
857 1740 901 1776 et.
934 1734 1027 1787 194,
1061 1735 1102 1776 in
1136 1735 1290 1788 quibus
1321 1748 1480 1789 magna
1510 1733 1733 1775 intercedit
1757 1746 1853 1775 con-

322 1798 541 1840 venientia
577 1798 687 1840 inter
725 1797 913 1841 codicem
946 1798 1206 1840 Marcianum
1245 1798 1327 1839 637
1368 1805 1408 1840 et
1441 1798 1678 1840 Parisinum
1715 1797 1855 1838 12220

323 1866 364 1903 et
412 1861 647 1903 Parisinum
694 1876 789 1904 nov.
828 1875 919 1915 acq.
962 1863 1133 1917 14443)
1187 1862 1372 1916 denique
1423 1862 1560 1904 locum
1608 1862 1649 1902 in
1697 1874 1760 1916 ep.
1799 1861 1853 1902 93

322 1940 361 1980 p.
376 1926 474 1977 476,
494 1926 519 1966 2
536 1939 618 1967 non
634 1939 962 1968 commemorare
981 1940 1062 1968 non
1082 1939 1266 1982 possum,
1282 1926 1353 1968 ubi
1371 1925 1504 1968 codex
1520 1925 1758 1967 Marcianus
1771 1925 1852 1966 637

322 1990 523 2043 reliquias
555 1989 726 2043 quidem
760 1989 877 2031 vocis
899 1989 1063 2042 palmis
1085 1990 1287 2042 servavit,
1321 2003 1413 2032 cum
1437 1990 1510 2032 illa
1530 2003 1615 2031 vox
1637 1989 1678 2030 in
1703 1989 1855 2037 ceteris

323 2053 432 2096 desit
464 2053 645 2108 margini
679 2058 844 2095 tantum
876 2054 918 2094 in
951 2054 1223 2096 Atrebatensi
1256 2053 1341 2094 949
1373 2053 1600 2108 adscripta.

380 2119 428 2159 In
462 2117 635 2160 codice
667 2118 899 2160 Parisino
932 2118 1062 2160 2715
1090 2132 1200 2160 saec.
1224 2118 1310 2160 XII
1341 2118 1466 2174 (XIII
1488 2131 1571 2160 sec.
1596 2116 1853 2171 catalogum)

324 2182 468 2224 insunt
514 2181 722 2237 epistulae
768 2182 861 2223 130.
911 2181 1005 2222 248.
1058 2182 1151 2224 131.
1197 2182 1265 2225 47.
1310 2195 1484 2236 quarum
1528 2180 1665 2236 prima
1704 2184 1764 2222 tot
1804 2193 1854 2221 ac

322 2246 477 2288 talibus
508 2245 724 2288 codicibus
757 2245 915 2297 nititur,
948 2251 993 2287 ut
1024 2245 1077 2287 ad
1111 2246 1262 2287 librum
1296 2245 1451 2287 saeculi
1479 2245 1563 2286 XII
1596 2243 1855 2286 descendere

323 2310 539 2353 noluerim.
574 2314 638 2351 est
668 2315 809 2351 autem
843 2310 946 2351 satis
978 2310 1112 2352 bonus
1144 2310 1250 2351 liber
1281 2323 1335 2351 ex
1368 2323 1416 2352 eo
1448 2321 1617 2364 genere,
1648 2307 1761 2361 quod
1790 2313 1854 2349 est

321 2374 431 2415 circa
453 2374 751 2415 Monacensem
774 2373 901 2425 6266,
923 2373 1032 2415 inter
1054 2386 1157 2427 quos
1174 2387 1270 2415 eum
1289 2372 1480 2415 Parisino
1502 2386 1597 2415 nov.
1623 2385 1713 2425 aeq.
1741 2372 1852 2413 1444

322 2437 725 2492 propinquissimum
759 2450 852 2479 esse
885 2450 937 2478 ex
971 2450 1034 2491 ep.
1061 2437 1142 2478 248
1174 2442 1364 2492 apparet.

383 2520 408 2561 ²)
436 2517 629 2562 Cf.01›.26
647 2528 680 2562 p.
700 2520 754 2562 90,
776 2520 835 2559 11.·
863 2528 918 2561 ep.
937 2519 979 2554 31
1000 2529 1034 2561 p.
1052 2520 1082 2561 3,
1106 2520 1163 2559 1ος
1184 2527 1238 2561 ep.
1258 2519 1301 2553 32
1321 2528 1354 2561 p.
1376 2519 1427 2553 10.
1449 2519 1581 2560 14:01).
1603 2519 1697 2560 551).
1720 2518 1794 2555 177,
1813 2516 1850 2550 9:

325 2572 400 2614 188,
429 2573 487 2607 13:
521 2581 576 2614 ep.
595 2572 637 2606 91
665 2581 698 2614 p.
718 2572 795 2606 428.
823 2573 860 2612 5.·
887 2571 966 2613 433,
996 2573 1055 2613 1¹23
1089 2581 1144 2613 ep.
1167 2572 1231 2606 109
1257 2581 1290 2613 p.
1310 2571 1387 2605 637.
1414 2572 1451 2604 4:
1486 2579 1541 2612 ep.
1563 2570 1627 2604 149
1653 2579 1687 2611 p.
1708 2568 1786 2609 351.
1813 2568 1849 2609 93

321 2625 398 2659 357.
434 2625 491 2660 14:
531 2624 608 2658 373.
641 2625 681 2659 21
717 2622 861 2665 :iliaque
895 2622 1084 2666 permulta.
1124 2632 1218 2666 quae
1251 2633 1269 2655 :i
1304 2621 1454 2655 librario
1480 2620 1737 2664 praetermissa
1767 2621 1850 2654 m.2

322 2675 600 2719 supplebantur.

381 2728 407 2769 ²)
435 2727 542 2761 Hunc
567 2726 729 2761 codicem
757 2726 991 2761 contulerunt
1018 2727 1122 2760 (inst.
1144 2726 1276 2760 Loewe
1304 2730 1339 2759 et
1367 2724 1499 2769 ¹s'iaeffiqfr.
1520 2724 1657 2759 Reiter.

381 2780 407 2822 3)
434 2779 599 2822 Exempli
632 2779 750 2820 gratia
784 2778 829 2812 cf.
857 2789 911 2822 ep.
936 2780 979 2813 93
1012 2789 1044 2822 p.
1063 2781 1141 2814 464.
1176 2780 1237 2821 24ς
1275 2780 1352 2814 482.
1384 2780 1434 2812 15.
1463 2788 1516 2821 ep.
1540 2779 1603 2812 194
1630 2787 1667 2826 p.¹
1686 2777 1760 2812 180.
1788 2776 1848 2810 24:

325 2835 398 2867 183.
427 2834 463 2873 ‘23
495 2834 551 2866 11:
582 2833 655 2867 190.
684 2833 744 2867 21;
772 2833 849 2866 Quoi
878 2833 938 2865 20.-
966 2832 1042 2865 ⁴208.
1071 2833 1107 2865 fl:
1135 2832 1211 2873 21-1,
1240 2833 1269 2865 6.
