2078 3054
275 137 361 179 300

275 278 298 311 p
313 278 329 302 r
344 277 363 302 e
379 276 396 301 s
410 265 436 300 b
450 276 473 311 y
488 269 503 301 t
518 275 537 300 e
552 276 570 300 r
587 277 594 300 :
619 264 809 308 Aurelius,
834 263 1038 308 episcopus

321 323 648 369 Carthaginensis,
683 326 724 358 ut
759 332 799 357 se
835 324 1037 367 praesente

325 391 519 417 sermones
536 380 732 424 haberent,
747 379 920 425 permisit
934 389 1036 424 pres-

948 149 1090 185 Index
1116 148 1160 184 V.

1120 263 1301 299 sariensis
1330 274 1353 299 a
1382 264 1547 309 primatu
1575 267 1665 300 sunt
1691 264 1837 300 exclusi

1119 321 1172 356 IV
1202 321 1282 366 351,
1315 321 1442 357 6—17.
1475 332 1510 358 υ.
1544 322 1760 368 episcopus.
1791 344 1838 349 —

1121 379 1416 424 :principatus
1460 380 1600 416 aetatis
1645 390 1679 416 v.
1724 380 1837 416 Esau.

322 439 465 484 byteris
503 449 562 484 ep.
600 439 659 482 413
698 448 859 483 quorum
898 447 1037 472 sermo·
1072 440 1399 477 Primianum
1461 442 1661 477 damnavit
1722 441 1838 478 Maxi-

321 508 411 532 num
432 500 474 532 ut
495 496 644 542 aliquos
666 495 738 531 sibi
758 495 858 530 mitti
878 494 1038 539 iuberet,

321 554 575 591 obsecrabant
608 564 693 590 eum
727 554 770 589 A.
804 556 843 588 et
876 552 1037 597 Alypius

320 613 353 647 ll
384 613 440 656 83,
472 612 527 647 13.
559 611 740 647 catholici
771 609 1036 656 presbyterum

322 671 432 705 Siniti
455 670 652 714 miserunt,
673 673 716 704 ut
737 669 830 704 nulli
852 667 1036 704 molestus

321 739 410 764 suos
444 728 622 764 visitaret
655 731 693 763 et
725 727 765 762 in
797 727 910 762 domo
944 726 1036 761 iuris

320 786 378 822 sui
427 786 575 832 positus
624 795 758 831 pacem
807 784 1036 820 catholicam

320 842 539 880 volentibus
562 843 804 889 praedicaret
825 842 859 877 II
879 842 960 888 597,
981 842 1036 877 26.

320 912 393 947 quo
430 902 546 938 animi
581 901 717 937 ardore
754 900 1036 946 Hipponienses

318 960 531 1004 Pinianum,
603 959 795 995 hominem
866 958 1037 1002 divitem.

320 1017 584 1064 presbyterum
620 1018 748 1053 facere
785 1020 823 1053 et
858 1016 959 1061 apud
997 1026 1036 1052 se

318 1080 449 1113 tenere
474 1075 693 1112 studuerint
716 1084 775 1120 ep.
802 1075 869 1110 125
894 1078 932 1110 et
958 1074 1035 1109 126.

320 1134 457 1181 quibus
481 1144 528 1170 ex
551 1133 679 1170 causis
702 1133 747 1168 A.
770 1132 1036 1179 presbyterum

319 1192 510 1238 quendam
533 1191 810 1227 removendum
834 1190 882 1226 ab
907 1190 1035 1226 officio

320 1249 549 1297 presbyterii
580 1249 789 1285 arbitratus
821 1248 870 1284 sit
901 1259 960 1294 ep.
992 1249 1037 1283 (55

319 1309 370 1344 ad
397 1309 602 1355 primatem
628 1308 733 1343 data.

271 1366 683 1412 presbyterium
713 1375 748 1401 v.
778 1364 1036 1410 episcopatus.

271 1427 631 1474 precationes
690 1427 882 1471 dicuntur.
942 1435 1037 1471 quas

318 1486 481 1522 facimus
526 1485 564 1521 in
608 1485 866 1521 celebratione
912 1495 1036 1520 sacra-

318 1547 544 1589 mentorum,
570 1547 776 1589 antequam
803 1543 907 1587 illud,
933 1543 1036 1588 quod

319 1605 379 1638 est
421 1602 459 1637 in
502 1601 646 1638 domini
690 1611 834 1645 mensa,
878 1600 1038 1646 incipiat

319 1660 494 1696 benedici
515 1660 569 1695 111
590 1660 670 1704 362,
690 1660 723 1695 9.
747 1669 780 1695 υ.
802 1658 1035 1704 deprecatio.

273 1718 536 1764 primates
577 1717 678 1753 senis
717 1717 870 1753 nomine
910 1716 1037 1762 appel-

320 1776 447 1812 lantur
476 1776 492 1811 I
519 1776 576 1822 62,
604 1776 638 1812 3.
667 1776 720 1810 III
747 1776 804 1820 34,
834 1776 866 1810 4.
897 1774 976 1820 235,
1005 1775 1037 1810 2.

321 1835 373 1870 IV
407 1835 485 1879 163,
518 1834 572 1869 16.
605 1833 684 1878 216,
715 1834 749 1869 6.
781 1833 861 1878 348,
894 1833 949 1869 23.
981 1833 1037 1869 29.

321 1891 513 1927 ‘Silvanus
552 1902 669 1927 senex
707 1891 893 1927 ecclesiae
932 1890 1037 1927 Sum-

322 1950 463 1985 mensis
496 1949 716 1995 subscripsi‘
748 1949 801 1984 III
832 1950 889 1993 34,
921 1949 957 1992 4;
991 1949 1038 1991 cf.

322 2008 401 2052 235,
442 2008 474 2042 2.
518 2006 709 2042 ‘Silvanus
752 2007 895 2052 primae
937 2006 1038 2042 sedis

321 2065 543 2110 provinciae
580 2065 782 2100 Numidiae
819 2063 1038 2109 subscripsi‘

322 2123 375 2158 III
425 2123 482 2167 39,
534 2122 589 2158 20.
641 2122 902 2158 Mauretaniae
955 2132 1039 2167 pro-

321 2180 472 2217 vinciae
502 2191 593 2217 suos
622 2180 766 2216 habent
794 2180 975 2225 primates
1005 2179 1039 2214 11

322 2239 401 2283 219,
428 2238 483 2274 11.

275 2297 569 2342 primatus:
600 2296 770 2341 episcopi
799 2296 846 2332 de
874 2296 1039 2341 primatu

322 2355 600 2390 contendentes
628 2354 662 2389 II
690 2354 770 2398 219,
799 2354 852 2389 19.
880 2354 927 2389 de
956 2353 1038 2399 ipso

323 2412 508 2458 primatus
574 2412 707 2447 ordine
773 2412 809 2447 in
875 2411 1038 2447 concilio

323 2470 514 2515 agendum
547 2474 607 2505 est
639 2469 673 2504 II
705 2469 784 2513 220,
816 2470 852 2512 53
886 2469 953 2505 sed
987 2469 1040 2504 in-

324 2527 434 2563 terim
460 2527 540 2563 fieri
567 2530 706 2572 potest,
730 2531 774 2562 ut
799 2527 1040 2562 concorditer

324 2588 487 2629 constet,
514 2589 610 2621 ‚uter
647 2584 786 2620 debeat
824 2595 1041 2620 convocare

325 2642 529 2678 concilium
551 2643 631 2687 220,
655 2642 712 2681 12:
737 2642 853 2677 alium
875 2643 929 2678 rei
953 2642 1042 2678 diri-

325 2700 485 2736 mendae
510 2701 664 2736 modum
689 2700 869 2745 proponit
893 2700 937 2734 A.
961 2699 1041 2745 220,

328 2758 382 2792 14.
437 2758 526 2793 sede
579 2758 792 2802 apostolica
847 2757 1042 2793 iudicante

328 2815 402 2851 duo
456 2814 627 2861 episcopi
676 2815 898 2860 provinciae
951 2814 1043 2851 Cae-

1119 499 1269 535 mianus
1307 497 1391 535 cum
1431 500 1568 536 ceteris
1606 500 1722 536 sociis
1758 500 1837 536 suis

1119 557 1172 591 III
1217 557 1296 601 240,
1346 557 1399 592 16.
1445 557 1662 594 Felicianus
1707 558 1838 593 Musti-

1118 617 1232 650 tanus
1280 614 1514 651 Primianum
1562 615 1838 662 Carthaginen-

1120 683 1199 709 sem
1223 673 1423 709 damnavit.
1446 677 1485 708 et
1507 673 1678 709 vicissim
1701 674 1750 709 ab
1773 674 1836 709 illo

1119 731 1233 766 etiam
1265 731 1345 776 ipse
1375 731 1579 767 damnatus
1609 735 1668 767 est
1695 731 1731 766 II
1757 732 1837 776 610,

1119 789 1175 824 22.
1215 789 1268 824 III
1309 789 1387 834 240,
1430 790 1483 825 18.
1525 793 1678 826 centum
1720 790 1838 825 ferme

1119 847 1290 893 episcopi
1333 847 1623 883 Donatistarum
1668 848 1837 887 factione

1118 905 1326 941 damnabili
1361 916 1447 941 cum
1482 903 1838 941 Maximiano'con-

1119 964 1310 1009 spirantes
1367 963 1453 999 ausi
1509 967 1598 999 sunt
1656 964 1838 999 damnare

1117 1021 1351 1058 Primianum
1381 1021 1579 1058 absentem
1609 1021 1644 1057 11
1671 1022 1752 1067 615,
1781 1022 1837 1057 21.

1118 1079 1172 1115 III
1192 1080 1272 1125 239,
1292 1080 1352 1125 22;
1373 1081 1420 1122 cf.
1442 1079 1476 1115 II
1496 1080 1576 1125 625,
1597 1080 1651 1115 10.
1672 1079 1727 1116 20.
1749 1090 1837 1116 con-

1118 1138 1246 1187 cilium
1292 1138 1649 1173 Maximianensium
1697 1137 1838 1174 femina

1118 1196 1305 1241 quaedam
1339 1196 1525 1232 conflavit
1555 1197 1743 1232 adversus
1774 1195 1838 1232 ab·

1119 1258 1266 1290 sentem
1310 1254 1545 1290 Primianum
1588 1258 1625 1290 et
1671 1257 1837 1290 ceteram

1119 1323 1187 1358 per
1225 1312 1396 1348 Africam
1435 1312 1719 1348 multitudinem
1759 1312 1837 1347 Pri-

1117 1370 1244 1406 miano
1290 1370 1635 1406 communicantem
1681 1370 1715 1405 II
1759 1370 1837 1413 108,

1118 1428 1174 1464 23.
1211 1428 1254 1463 Α.
1293 1428 1497 1464 concilium
1535 1427 1700 1464 Secundi
1736 1428 1837 1474 Tigi-

1120 1486 1234 1522 sitani
1275 1486 1463 1522 adversus
1505 1486 1703 1522 absentem
1745 1486 1837 1522 Cae—

1118 1544 1299 1580 cilianum
1331 1555 1417 1580 cum
1449 1544 1612 1580 concilio
1644 1544 1838 1579 Maximia—

1118 1602 1294 1638 nensium
1321 1603 1509 1638 adversus
1536 1601 1735 1638 absentem
1759 1601 1838 1637 Pri-

1119 1660 1287 1695 mianum
1316 1660 1512 1705 componit
1541 1660 1575 1694 ΙΙ
1604 1661 1682 1705 108,
1708 1659 1836 1696 3—26.

1118 1717 1372 1754 Maximianus
1422 1721 1558 1753 contra
1605 1717 1837 1753 Primianum

1118 1776 1272 1812 levatus
1298 1779 1357 1812 est
1380 1775 1415 1810 ΙΙ
1438 1776 1518 1821 615,
1543 1775 1598 1811 28.
1622 1776 1703 1819 626,
1726 1776 1763 1819 3;
1789 1776 1834 1817 cf.

1121 1835 1173 1869 IV
1210 1835 1264 1878 15,
1301 1835 1356 1870 18.
1392 1833 1606 1869 Primianus
1642 1844 1666 1869 a
1700 1833 1837 1869 ceteris

1122 1892 1224 1928 Afris
1281 1902 1373 1928 suae
1428 1891 1706 1927 communionis
1763 1891 1838 1936 epi-

1122 1950 1250 1995 scopis
1293 1953 1428 1985 contra
1471 1949 1678 1985 factionem
1722 1948 1837 1983 Maxi-

1121 2007 1237 2043 miani
1279 2011 1466 2053 purgatus
1508 2010 1568 2043 cst
1608 2007 1642 2041 II
1686 2007 1764 2050 108,
1804 2007 1837 2042 9.

1121 2065 1296 2100 Titianus
1350 2065 1584 2100 Felicianum
1637 2071 1674 2100 et
1726 2063 1838 2099 Prae-

1120 2126 1323 2167 textatum,
1370 2126 1491 2158 totam
1537 2122 1659 2167 ipsam
1704 2124 1839 2157 contra

1121 2180 1352 2216 Primianum
1393 2180 1715 2226 conspirationem
1754 2190 1838 2215 ver-

1122 2238 1178 2274 bis
1205 2238 1444 2284 gravissimis
1472 2238 1672 2274 accusavit
1698 2237 1732 2272 II
1758 2237 1838 2281 627,

1123 2297 1176 2331 11.
1230 2296 1362 2342 utique
1415 2296 1619 2332 mendaces
1672 2295 1838 2339 fuerunt,

1121 2354 1185 2399 qui
1215 2354 1447 2389 Primianum
1480 2353 1587 2389 falsis
1618 2352 1838 2389 criminibus

1122 2412 1404 2448 damnaverunt
1441 2411 1475 2446 II
1512 2411 1591 2455 617,
1630 2411 1684 2445 15.
1723 2410 1838 2445 Maxi-

1121 2469 1335 2514 mianistae,
1368 2468 1549 2504 Primiani
1582 2469 1839 2512 damnatores,

1122 2530 1232 2563 extra
1283 2527 1516 2562 Primianum
1567 2526 1839 2571 baptizatores,

1122 2589 1210 2630 post
1257 2584 1490 2619 Primianum
1537 2583 1838 2629 rebaptizatores

1123 2643 1157 2677 II
1192 2643 1269 2685 156.
1302 2642 1361 2685 243
1395 2642 1441 2683 cf.
1475 2641 1528 2676 III
1559 2641 1705 2685 37‚“21.
1739 2640 1838 2675 Afri-

1124 2710 1222 2735 cana
1245 2699 1409 2735 ecclesia
1433 2699 1496 2735 vel
1521 2698 1751 2734 auctoritate
1777 2697 1838 2733 vel

1123 2767 1280 2792 numero
1316 2757 1432 2802 longe
1465 2756 1588 2792 minor
1623 2759 1705 2791 erat
1739 2765 1839 2791 com·-

1124 2818 1260 2861 parata
1292 2815 1430 2851 ceteris
1463 2813 1689 2850 Christianis
1722 2812 1839 2849 omni-
