2078 3054
289 185 373 226 230

336 325 418 349 cum
450 314 584 349 diebus
614 312 874 359 quadragenis
906 312 1048 348 ieiuna-

337 377 474 407 verunt
503 371 537 406 ΙΙ
561 372 617 416 56,
644 371 696 406 19.

290 430 379 465 lle]
398 431 406 465 i
424 441 439 462 s
456 440 476 464 a
493 440 511 464 c
528 441 582 465 us
619 434 809 465 mortuum
845 428 1049 464 suscitavit

337 489 390 523 III
420 489 495 533 114,
527 489 578 523 14.
606 492 757 523 sacrato
785 488 920 523 beatus
947 486 1048 523 Heli-

336 558 448 582 saeus
487 546 616 582 Heliae
653 546 888 582 adhaerebat
922 545 957 579 II
995 545 1048 590 12,

339 606 390 640 10.
432 604 632 640 Helisaeus
673 605 862 648 poposcit,
900 608 942 639 ut
982 604 1049 638 du-

338 664 488 707 pliciter
517 664 553 698 in
581 674 625 698 eo
652 663 757 698 fieret
788 663 946 706 spiritus
974 662 1047 707 dei,

336 722 401 767 qui
433 726 515 756 erat
546 721 584 757 in
614 721 726 756 Helia
754 720 805 755 lv
837 721 892 767 94,
922 720 977 755 21.

294 779 443 815 llelle
461 791 477 814 s
507 783 647 823 pontus
676 779 691 813 1
719 779 774 814 93.
803 779 858 813 23.

292 837 654 873 Heracleotes
691 848 723 872 r.
758 837 995 872 Theodorus.

292 895 555 931 Hercules
615 896 630 930 I
677 896 732 940 42,
783 895 812 929 1.
874 893 1049 930 Herculis

337 955 540 990 simulacro
586 955 623 989 in
669 954 820 989 colonia
865 953 1050 989 Sufetana

336 1023 471 1049 everso
505 1023 589 1048 cum
626 1012 811 1048 tumultus
844 1012 1049 1048 extitisset.

339 1072 579 1115 Aug-ustinus
634 1071 745 1106 facile
801 1071 881 1105 fieri
936 1080 1049 1114 posse

337 1129 518 1173 ostendit,
566 1134 608 1164 ut
656 1128 819 1173 paganis
866 1127 1050 1163 Hercules

339 1198 429 1222 suus
457 1187 682 1223 redderetur
710 1186 746 1221 II
774 1187 851 1230 143,
881 1187 933 1221 12.

293 1245 780 1291 Hermogenianus,
834 1245 883 1280 ad
939 1254 1050 1290 quem

338 1304 430 1339 data
463 1309 520 1339 est
556 1314 615 1348 ep.
650 1304 678 1342 1.
717 1303 970 1339 Academicos
1004 1304 1051 1338 ab

340 1363 381 1398 A.
412 1363 536 1398 victos
566 1373 649 1398 esse
678 1362 883 1406 scripserat
914 1361 930 1396 I
957 1362 990 1405 3,
1019 1361 1050 1396 6.

293 1420 553 1456 Herodes:
588 1420 761 1456 Solemus
792 1420 920 1456 dicere
953 1420 1052 1455 sicut

339 1480 379 1515 in
422 1478 573 1514 Herode
619 1482 782 1523 peccata
824 1478 953 1522 puniri
997 1477 1052 1512 III

339 1538 417 1581 569,
465 1538 518 1572 16.
566 1548 641 1572 non
692 1537 837 1572 frustra
883 1536 1052 1572 infantes

340 1596 437 1641 illos,
473 1596 548 1641 qui,
585 1606 669 1630 cum
705 1595 880 1631 Christus
915 1606 1053 1630 necan-

340 1654 412 1690 dus
473 1655 521 1690 ab
579 1653 730 1689 Herode
793 1657 1052 1699 quaereretur,

340 1712 458 1748 occisi
491 1716 590 1756 sunt,
624 1712 662 1747 in
696 1712 879 1748 honorem
912 1716 1052 1757 marty-

340 1782 421 1806 rum
453 1775 630 1815 receptos
661 1770 904 1806 commendat
935 1770 1053 1806 eccle-

342 1829 400 1864 sia
425 1829 481 1864 III
506 1830 585 1874 573,
614 1829 644 1864 1.

295 1887 463 1923 Heros
500 1888 548 1923 ab
585 1887 795 1931 Honorato,
834 1886 1055 1922 Donatista-

341 1957 421 1981 rum
457 1946 653 1991 episcopo,
687 1946 736 1981 ad
770 1946 813 1981 A.
846 1946 986 1981 missus
1019 1945 1054 1979 ΙΙ

344 2005 420 2049 140,
453 2006 484 2040 7.
517 2004 560 2039 Α.
592 2015 679 2040 eum
711 2004 950 2039 carissimum
984 2004 1055 2039 sibi

342 2067 380 2098 et
412 2062 450 2098 in
483 2062 635 2098 Christo
666 2061 899 2098 laudabilem
930 2061 1054 2096 virum

344 2124 458 2156 vocat
484 2120 519 2155 ΙΙ
547 2120 624 2165 140,
649 2121 680 2155 8.

300 2178 466 2213 Heros
531 2182 569 2214 et
633 2178 814 2223 Lazarus,
881 2177 1056 2222 episcopi

344 2237 456 2281 Galli,
499 2237 697 2282 Pelagium
741 2242 778 2272 et
823 2236 1055 2273 Caelestium

344 2299 521 2331 auctores
580 2295 717 2330 nefarii
775 2295 915 2330 erroris
973 2305 1056 2330 esse

344 2354 569 2396 arguebant.
597 2364 756 2398 quorum
787 2354 937 2389 litteras
968 2353 1057 2387 Oro-

345 2411 424 2446 sius
483 2412 685 2456 presbyter
744 2411 793 2446 ad
854 2411 1056 2446 concilium

345 2469 649 2514 Carthaginense
696 2469 835 2505 detulit
878 2469 933 2503 III
979 2470 1056 2513 653,

347 2528 400 2562 13.
429 2527 610 2572 Pelagius
641 2528 833 2573 quandam
865 2527 1058 2571 conscrip-

347 2586 395 2620 sit
438 2585 715 2630 defensionem,
759 2596 836 2631 qua
877 2595 917 2621 se
960 2586 1058 2621 dixit

346 2643 507 2679 obiectis
567 2644 814 2687 respondisse
863 2643 1058 2679 Gallorum

348 2701 403 2736 III
433 2702 512 2746 695,
546 2702 600 2737 15.

302 2758 628 2805 Hesychius,
668 2760 873 2804 episcopus
914 2760 1060 2796 Saloni-

350 2822 475 2862 tanus,
514 2828 582 2862 per
622 2818 772 2854 littera-s
814 2819 858 2853 Α.
899 2819 1059 2863 adierat,

348 2880 390 2911 ut
419 2876 466 2912 de
497 2876 772 2920 prophetarum
803 2877 929 2921 dictis,
962 2888 1060 2922 quae

962 198 1098 233 ludex
1132 199 1172 232 V.

1134 313 1179 347 ad
1210 313 1413 348 salvatoris
1440 314 1646 349 adventurn
1675 319 1712 348 vt
1739 315 1847 349 tint-ni

1134 371 1277 406 saeculi
1312 371 1562 415 pertinerent,
1596 372 1739 417 aliquid
1776 372 1846 407 sibi

1134 430 1361 465 rescriberet
1397 430 1449 464 IV
1483 431 1561 475 231,
1596 432 1628 466 3.
1664 430 1766 475 quod
1804 430 1847 465 A.

1133 487 1224 523 fecit
1281 499 1340 533 ep.
1376 489 1441 523 197
1495 489 1683 534 simulque
1742 489 1847 523 locos

1134 547 1322 591 quosdam
1352 557 1398 582 ex
1430 546 1656 592 Hieronymi
1686 558 1848 592 opuscu-

1134 604 1180 639 lis
1218 609 1434 649 excerptos,
1470 606 1535 650 qui
1570 606 1731 641 eandem
1769 616 1846 641 rem

1135 664 1367 708 tractabant,
1403 663 1438 698 ei
1473 663 1579 698 misit
1613 664 1666 698 IV
1703 664 1779 708 231,
1817 664 1848 698 8.

1135 721 1214 765 235,
1238 722 1270 756 9.
1294 732 1378 757 cum
1405 726 1605 766 praeterea
1632 722 1848 766 petivisset.

1135 783 1187 824 ut,
1215 780 1307 825 quid
1337 780 1418 824 ipse
1447 780 1494 815 de
1522 780 1592 815 hac
1621 781 1848 825 quaestione

1136 838 1308 883 sentiret,
1337 838 1409 873 sibi
1437 839 1664 889 rescriberet
1691 838 1743 872 IV
1771 839 1849 881 231,

1138 896 1189 931 12.
1225 897 1304 942 234,
1339 897 1394 941 23,
1430 897 1646 941 Hesychius
1681 897 1752 931 hoc
1787 897 1849 932 de-

1137 955 1320 991 siderium
1362 955 1536 999 explevit
1578 966 1637 999 ep.
1679 956 1746 990 198
1785 955 1850 990 ad-

1137 1013 1236 1049 iecta
1266 1024 1391 1058 prece.
1422 1018 1463 1049 ut
1491 1014 1643 1058 plenius
1673 1014 1849 1059 dignare-

1136 1076 1198 1107 tur
1230 1083 1269 1110 se
1300 1072 1546 1107 rescribendo
1578 1073 1768 1108 instruere
1798 1072 1850 1107 lv

1136 1130 1214 1176 242,
1253 1131 1305 1166 18.
1340 1135 1420 1165 tum
1457 1130 1500 1166 Α.
1535 1141 1594 1174 ep.
1631 1131 1697 1166 199
1729 1135 1849 1166 totam

1136 1187 1183 1223 de
1240 1188 1314 1224 fine
1371 1189 1514 1224 saeculi
1573 1189 1851 1234 quaestionem.

1138 1256 1212 1291 qua
1256 1247 1421 1281 maxima
1462 1247 1587 1291 potuit
1630 1246 1853 1283 subtilitate.

1136 1305 1403 1348 pertractavit.
1439 1304 1656 1350 Hesychius
1694 1309 1851 1340 sanctus

1138 1362 1250 1398 homo
1277 1363 1339 1399 dei
1362 1368 1398 1400 et
1425 1363 1707 1399 sincerissimus
1732 1363 1850 1398 frater

1137 1422 1185 1457 ab
1215 1421 1258 1457 A.
1288 1422 1429 1457 dicitur
1459 1421 1512 1456 IV
1541 1422 1620 1466 289,
1651 1422 1704 1457 16.

1090 1478 1398 1515 Hieremias
1430 1480 1630 1524 tolerabat,
1662 1492 1685 1515 a
1714 1480 1851 1525 quibus

1137 1542 1248 1573 tanta
1283 1539 1573 1583 perpetiebatur
1609 1538 1643 1572 ΙΙ
1684 1539 1760 1583 105,
1798 1539 1851 1573 10.

1137 1595 1366 1642 Hieremiae,
1397 1597 1620 1641 priusquam
1652 1597 1772 1632 exiret
1805 1597 1851 1632 de

1138 1655 1267 1694 vulva,
1316 1655 1582 1700 sanctificatio,
1630 1655 1752 1700 inquit
1799 1655 1855 1697 A„

1139 1713 1349 1748 secundum
1457 1712 1850 1757 praedestinationem

1138 1781 1215 1805 non
1288 1771 1607 1807 inconvenienter
1680 1771 1853 1815 intellegi

1139 1833 1279 1874 potest,
1312 1840 1543 1875 quamquam
1575 1829 1749 1864 nonnulli
1781 1829 1851 1864 hoc

1140 1888 1177 1922 in
1207 1892 1342 1932 typum
1374 1888 1580 1923 salvatoris
1610 1888 1851 1931 accipiebant

1140 1945 1193 1979 IV
1222 1946 1298 1990 114,
1326 1946 1380 1981 13.

1096 2003 1355 2039 Hiericho
1402 2005 1438 2040 in
1484 2003 1657 2040 Hebraeo
1701 2004 1853 2049 eloquio

1140 2062 1269 2097 lunam
1298 2063 1517 2108 significare
1545 2062 1686 2098 dicitur
1712 2062 1748 2097 ΙΙ
1777 2062 1854 2107 181,

1140 2121 1171 2156 5.
1206 2121 1318 2156 huius
1352 2121 1524 2157 civitatis
1556 2121 1656 2156 muri
1689 2121 1853 2165 septimo

1141 2179 1376 2214 circumacta
1404 2180 1626 2215 testamenti
1656 2189 1747 2214 arca
1775 2189 1855 2214 cor-

1141 2242 1297 2273 ruentes
1326 2238 1419 2283 quid
1449 2238 1666 2282 significare
1697 2238 1855 2273 videan-

1142 2300 1203 2330 tur
1234 2295 1270 2330 ΙΙ
1303 2295 1381 2340 181,
1409 2296 1535 2331 4-12.

1096 2352 1459 2399 Hieronymus
1533 2354 1735 2399 presbyter
1808 2354 1855 2388 ab

1142 2412 1408 2448 adulescentia
1474 2412 1511 2447 in
1580 2411 1853 2447 monasteriolo

1143 2481 1227 2506 cum
1285 2470 1430 2506 sanctis
1487 2470 1670 2505 fratribus
1724 2470 1854 2505 labore

1142 2528 1358 2564 desudabat
1415 2528 1452 2563 II
1497 2529 1576 2573 260,
1624 2530 1654 2563 7.
1713 2528 1852 2564 ibidem

1143 2587 1261 2622 variis
1310 2587 1397 2622 hinc
1448 2587 1537 2623 inde
1587 2587 1766 2622 fluctibus
1815 2596 1854 2620 se

1144 2646 1251 2690 quati
1293 2650 1331 2681 et
1371 2645 1696 2690 peregrinationis
1740 2645 1854 2680 mole-

1144 2703 1238 2739 stias
1287 2703 1476 2739 sustinere
1525 2703 1771 2748 conqueritur
1820 2702 1854 2736 ΙΙ

1143 2762 1198 2806 68,
1231 2762 1263 2796 4.
1298 2761 1446 2797 subitus
1478 2762 1645 2806 impetus
1677 2762 1855 2796 barbaro-

1145 2830 1227 2855 rum
1269 2819 1323 2855 sic
1364 2819 1533 2864 Aegypti
1573 2819 1744 2858 limitem.
1786 2819 1855 2853 Pa-

1144 2877 1343 2922 laestinae,
1367 2877 1589 2922 Phoenices,
1615 2876 1748 2923 Syriae
1772 2887 1855 2921 per-
