<?xml version="1.0" encoding="UTF-8"?>
<!DOCTYPE html PUBLIC "-//W3C//DTD XHTML 1.0 Transitional//EN"
    "http://www.w3.org/TR/xhtml1/DTD/xhtml1-transitional.dtd">
<html xmlns="http://www.w3.org/1999/xhtml" xml:lang="en" lang="en">
 <head>
  <title>
</title>
<meta http-equiv="Content-Type" content="text/html;charset=utf-8" />
  <meta name='ocr-system' content='tesseract 3.04.00' />
  <meta name='ocr-capabilities' content='ocr_page ocr_carea ocr_par ocr_line ocrx_word'/>
</head>
<body>
  <div class='ocr_page' id='page_1' title='image "./corpusscriptorum58auguuoft_0321.png"; bbox 0 0 2078 3054; ppageno 0'>
   <div class='ocr_carea' id='block_1_1' title="bbox 268 467 1044 525">
    <p class='ocr_par' dir='ltr' id='par_1_1' title="bbox 268 467 1044 525">
     <span class='ocr_line' id='line_1_1' title="bbox 268 467 1044 525; baseline 0.001 -11"><span class='ocrx_word' id='word_1_1' title='bbox 268 479 596 515; x_wconf 85' lang='lat' dir='ltr'>fideiussor:</span> <span class='ocrx_word' id='word_1_2' title='bbox 653 481 685 515; x_wconf 88' lang='lat' dir='ltr'>si</span> <span class='ocrx_word' id='word_1_3' title='bbox 739 481 824 525; x_wconf 91' lang='lat' dir='ltr'>quis</span> <span class='ocrx_word' id='word_1_4' title='bbox 879 467 1044 523; x_wconf 79' lang='lat' dir='ltr'>decipit&#39;</span> 
     </span>
    </p>
   </div>
   <div class='ocr_carea' id='block_1_2' title="bbox 269 670 1025 715">
    <p class='ocr_par' dir='ltr' id='par_1_2' title="bbox 269 670 1025 715">
     <span class='ocr_line' id='line_1_2' title="bbox 269 670 1025 715; baseline -0.001 -10"><span class='ocrx_word' id='word_1_5' title='bbox 269 670 560 712; x_wconf 78' lang='lat' dir='ltr'>Fidentius</span> <span class='ocrx_word' id='word_1_6' title='bbox 604 671 809 715; x_wconf 86' lang='lat' dir='ltr'>episcopus</span> <span class='ocrx_word' id='word_1_7' title='bbox 855 671 893 706; x_wconf 92' lang='lat' dir='ltr'>in</span> <span class='ocrx_word' id='word_1_8' title='bbox 937 680 1025 705; x_wconf 86' lang='lat' dir='ltr'>con-</span> 
     </span>
    </p>
   </div>
   <div class='ocr_carea' id='block_1_3' title="bbox 268 861 1023 905">
    <p class='ocr_par' dir='ltr' id='par_1_3' title="bbox 268 861 1023 905">
     <span class='ocr_line' id='line_1_3' title="bbox 268 861 1023 905; baseline 0.003 -11"><span class='ocrx_word' id='word_1_9' title='bbox 268 861 411 896; x_wconf 81' lang='lat' dir='ltr'>t&#39;ides</span> <span class='ocrx_word' id='word_1_10' title='bbox 459 861 542 905; x_wconf 87' lang='lat' dir='ltr'>ipsa</span> <span class='ocrx_word' id='word_1_11' title='bbox 586 862 624 896; x_wconf 92' lang='lat' dir='ltr'>in</span> <span class='ocrx_word' id='word_1_12' title='bbox 668 861 804 896; x_wconf 86' lang='lat' dir='ltr'>Latino</span> <span class='ocrx_word' id='word_1_13' title='bbox 850 871 1023 896; x_wconf 82' lang='lat' dir='ltr'>sermone</span> 
     </span>
    </p>
   </div>
   <div class='ocr_carea' id='block_1_4' title="bbox 933 114 1820 159">
    <p class='ocr_par' dir='ltr' id='par_1_4' title="bbox 933 114 1820 159">
     <span class='ocr_line' id='line_1_4' title="bbox 933 114 1820 159; baseline -0.003 -2"><span class='ocrx_word' id='word_1_14' title='bbox 933 123 1075 159; x_wconf 86' lang='lat' dir='ltr'>Index</span> <span class='ocrx_word' id='word_1_15' title='bbox 1104 124 1148 159; x_wconf 90' lang='lat' dir='ltr'>V.</span> <span class='ocrx_word' id='word_1_16' title='bbox 1736 114 1820 155; x_wconf 76' lang='lat'>215</span> 
     </span>
    </p>
   </div>
   <div class='ocr_carea' id='block_1_5' title="bbox 314 236 1061 283">
    <p class='ocr_par' dir='ltr' id='par_1_5' title="bbox 314 236 1061 283">
     <span class='ocr_line' id='line_1_5' title="bbox 314 236 1061 283; baseline 0 -11"><span class='ocrx_word' id='word_1_17' title='bbox 314 242 412 272; x_wconf 81' lang='lat' dir='ltr'>teret</span> <span class='ocrx_word' id='word_1_18' title='bbox 437 237 602 283; x_wconf 78' lang='lat' dir='ltr'>aliquem</span> <span class='ocrx_word' id='word_1_19' title='bbox 630 248 784 273; x_wconf 85' lang='lat' dir='ltr'>suorum</span> <span class='ocrx_word' id='word_1_20' title='bbox 808 237 870 273; x_wconf 87' lang='lat' dir='ltr'>vel</span> <span class='ocrx_word' id='word_1_21' title='bbox 896 236 1061 272; x_wconf 65' lang='lat' dir='ltr'>dome-¹·</span> 
     </span>
    </p>
   </div>
   <div class='ocr_carea' id='block_1_6' title="bbox 314 295 1043 456">
    <p class='ocr_par' dir='ltr' id='par_1_6' title="bbox 314 295 1043 456">
     <span class='ocr_line' id='line_1_6' title="bbox 314 295 1043 342; baseline 0.001 -12"><span class='ocrx_word' id='word_1_22' title='bbox 314 296 496 330; x_wconf 77' lang='lat' dir='ltr'>sticorum</span> <span class='ocrx_word' id='word_1_23' title='bbox 519 295 580 331; x_wconf 91' lang='lat' dir='ltr'>vel</span> <span class='ocrx_word' id='word_1_24' title='bbox 606 296 826 340; x_wconf 89' lang='lat' dir='ltr'>amicorum,</span> <span class='ocrx_word' id='word_1_25' title='bbox 849 296 914 342; x_wconf 87' lang='lat' dir='ltr'>qui</span> <span class='ocrx_word' id='word_1_26' title='bbox 936 305 1043 340; x_wconf 56' lang='lat' dir='ltr'>con-2</span> 
     </span>
     <span class='ocr_line' id='line_1_7' title="bbox 315 343 1043 399; baseline 0.001 -12"><span class='ocrx_word' id='word_1_27' title='bbox 315 353 400 388; x_wconf 74' lang='lat' dir='ltr'>silio</span> <span class='ocrx_word' id='word_1_28' title='bbox 439 363 566 388; x_wconf 89' lang='lat' dir='ltr'>secum</span> <span class='ocrx_word' id='word_1_29' title='bbox 604 358 730 397; x_wconf 82' lang='lat' dir='ltr'>capto,</span> <span class='ocrx_word' id='word_1_30' title='bbox 770 354 871 399; x_wconf 88' lang='lat' dir='ltr'>quod</span> <span class='ocrx_word' id='word_1_31' title='bbox 909 343 1043 398; x_wconf 58' lang='lat' dir='ltr'>agen-¹</span> 
     </span>
     <span class='ocr_line' id='line_1_8' title="bbox 314 411 1043 456; baseline 0 -10"><span class='ocrx_word' id='word_1_32' title='bbox 314 411 402 446; x_wconf 89' lang='lat' dir='ltr'>dum</span> <span class='ocrx_word' id='word_1_33' title='bbox 431 411 637 455; x_wconf 90' lang='lat' dir='ltr'>videretur,</span> <span class='ocrx_word' id='word_1_34' title='bbox 665 416 798 456; x_wconf 82' lang='lat' dir='ltr'>ageret</span> <span class='ocrx_word' id='word_1_35' title='bbox 824 411 859 446; x_wconf 92' lang='lat' dir='ltr'>II</span> <span class='ocrx_word' id='word_1_36' title='bbox 886 412 964 456; x_wconf 86' lang='lat'>425,</span> <span class='ocrx_word' id='word_1_37' title='bbox 991 412 1043 453; x_wconf 59' lang='grc'>2.,</span> 
     </span>
    </p>
   </div>
   <div class='ocr_carea' id='block_1_7' title="bbox 314 538 1024 641">
    <p class='ocr_par' dir='ltr' id='par_1_7' title="bbox 314 538 1024 641">
     <span class='ocr_line' id='line_1_9' title="bbox 315 538 1024 583; baseline 0 -10"><span class='ocrx_word' id='word_1_38' title='bbox 315 538 575 573; x_wconf 72' lang='lat' dir='ltr'>fideiussorem</span> <span class='ocrx_word' id='word_1_39' title='bbox 611 549 731 583; x_wconf 84' lang='lat' dir='ltr'>suum,</span> <span class='ocrx_word' id='word_1_40' title='bbox 764 548 832 582; x_wconf 90' lang='lat' dir='ltr'>pro</span> <span class='ocrx_word' id='word_1_41' title='bbox 849 539 922 577; x_wconf 87' lang='lat' dir='ltr'>isto</span> <span class='ocrx_word' id='word_1_42' title='bbox 938 549 1024 582; x_wconf 86' lang='lat' dir='ltr'>sup-</span> 
     </span>
     <span class='ocr_line' id='line_1_10' title="bbox 314 595 1023 641; baseline 0 -11"><span class='ocrx_word' id='word_1_43' title='bbox 314 596 468 640; x_wconf 87' lang='lat' dir='ltr'>plicium</span> <span class='ocrx_word' id='word_1_44' title='bbox 485 595 695 641; x_wconf 84' lang='lat' dir='ltr'>legitimum</span> <span class='ocrx_word' id='word_1_45' title='bbox 712 596 783 631; x_wconf 91' lang='lat' dir='ltr'>luit</span> <span class='ocrx_word' id='word_1_46' title='bbox 808 596 861 630; x_wconf 86' lang='lat'>111</span> <span class='ocrx_word' id='word_1_47' title='bbox 876 597 954 639; x_wconf 85' lang='lat'>415,</span> <span class='ocrx_word' id='word_1_48' title='bbox 972 597 1023 630; x_wconf 93' lang='lat'>17.</span> 
     </span>
    </p>
   </div>
   <div class='ocr_carea' id='block_1_8' title="bbox 314 728 1024 831">
    <p class='ocr_par' dir='ltr' id='par_1_8' title="bbox 314 728 1024 831">
     <span class='ocr_line' id='line_1_11' title="bbox 314 728 1024 774; baseline -0.001 -10"><span class='ocrx_word' id='word_1_49' title='bbox 314 729 401 764; x_wconf 84' lang='lat' dir='ltr'>cilio</span> <span class='ocrx_word' id='word_1_50' title='bbox 451 729 747 774; x_wconf 79' lang='lat' dir='ltr'>Carthaginensi</span> <span class='ocrx_word' id='word_1_51' title='bbox 796 729 921 764; x_wconf 77' lang='lat' dir='ltr'>adfuit</span> <span class='ocrx_word' id='word_1_52' title='bbox 970 728 1024 763; x_wconf 92' lang='grc' dir='ltr'>ΙΙΙ</span> 
     </span>
     <span class='ocr_line' id='line_1_12' title="bbox 314 788 450 831; baseline 0.015 -11"><span class='ocrx_word' id='word_1_53' title='bbox 314 788 392 831; x_wconf 77' lang='grc'>652,</span> <span class='ocrx_word' id='word_1_54' title='bbox 418 788 450 822; x_wconf 87' lang='lat'>3.</span> 
     </span>
    </p>
   </div>
   <div class='ocr_carea' id='block_1_9' title="bbox 314 919 1027 1834">
    <p class='ocr_par' dir='ltr' id='par_1_9' title="bbox 314 919 1027 1834">
     <span class='ocr_line' id='line_1_13' title="bbox 315 919 1023 964; baseline -0.001 -10"><span class='ocrx_word' id='word_1_55' title='bbox 315 920 362 954; x_wconf 82' lang='lat' dir='ltr'>ab</span> <span class='ocrx_word' id='word_1_56' title='bbox 388 929 432 954; x_wconf 89' lang='lat' dir='ltr'>eo</span> <span class='ocrx_word' id='word_1_57' title='bbox 458 919 598 954; x_wconf 88' lang='lat' dir='ltr'>dicitur</span> <span class='ocrx_word' id='word_1_58' title='bbox 623 919 830 964; x_wconf 69' lang='lat' dir='ltr'>appellata,</span> <span class='ocrx_word' id='word_1_59' title='bbox 856 919 947 964; x_wconf 78' lang='lat' dir='ltr'>qula</span> <span class='ocrx_word' id='word_1_60' title='bbox 972 919 1023 962; x_wconf 82' lang='lat' dir='ltr'>fit,</span> 
     </span>
     <span class='ocr_line' id='line_1_14' title="bbox 315 977 1024 1022; baseline -0.001 -10"><span class='ocrx_word' id='word_1_61' title='bbox 315 977 416 1022; x_wconf 79' lang='lat' dir='ltr'>quod</span> <span class='ocrx_word' id='word_1_62' title='bbox 443 977 583 1016; x_wconf 86' lang='lat' dir='ltr'>dicitur</span> <span class='ocrx_word' id='word_1_63' title='bbox 608 977 780 1021; x_wconf 68' lang='lat' dir='ltr'>(Cicero)</span> <span class='ocrx_word' id='word_1_64' title='bbox 806 977 840 1011; x_wconf 94' lang='lat' dir='ltr'>II</span> <span class='ocrx_word' id='word_1_65' title='bbox 866 978 945 1021; x_wconf 87' lang='lat'>374,</span> <span class='ocrx_word' id='word_1_66' title='bbox 971 977 1024 1011; x_wconf 82' lang='lat'>12.</span> 
     </span>
     <span class='ocr_line' id='line_1_15' title="bbox 315 1035 1024 1079; baseline 0 -10"><span class='ocrx_word' id='word_1_67' title='bbox 315 1035 361 1070; x_wconf 86' lang='lat' dir='ltr'>de</span> <span class='ocrx_word' id='word_1_68' title='bbox 385 1035 494 1070; x_wconf 86' lang='lat' dir='ltr'>varia</span> <span class='ocrx_word' id='word_1_69' title='bbox 519 1035 607 1070; x_wconf 87' lang='lat' dir='ltr'>fidei</span> <span class='ocrx_word' id='word_1_70' title='bbox 634 1035 782 1071; x_wconf 88' lang='lat' dir='ltr'>ratione</span> <span class='ocrx_word' id='word_1_71' title='bbox 807 1035 840 1069; x_wconf 91' lang='lat' dir='ltr'>II</span> <span class='ocrx_word' id='word_1_72' title='bbox 867 1036 944 1079; x_wconf 94' lang='lat'>711,</span> <span class='ocrx_word' id='word_1_73' title='bbox 970 1036 1024 1070; x_wconf 88' lang='lat'>26.</span> 
     </span>
     <span class='ocr_line' id='line_1_16' title="bbox 314 1093 1024 1139; baseline 0.001 -12"><span class='ocrx_word' id='word_1_74' title='bbox 314 1093 391 1127; x_wconf 84' lang='lat' dir='ltr'>ulia</span> <span class='ocrx_word' id='word_1_75' title='bbox 430 1093 524 1128; x_wconf 79' lang='lat' dir='ltr'>fides</span> <span class='ocrx_word' id='word_1_76' title='bbox 563 1098 632 1139; x_wconf 89' lang='lat' dir='ltr'>est,</span> <span class='ocrx_word' id='word_1_77' title='bbox 674 1104 750 1138; x_wconf 90' lang='lat' dir='ltr'>qua</span> <span class='ocrx_word' id='word_1_78' title='bbox 789 1094 919 1129; x_wconf 85' lang='lat' dir='ltr'>fideles</span> <span class='ocrx_word' id='word_1_79' title='bbox 959 1104 1024 1128; x_wconf 93' lang='lat' dir='ltr'>vo-</span> 
     </span>
     <span class='ocr_line' id='line_1_17' title="bbox 314 1151 1025 1196; baseline 0 -10"><span class='ocrx_word' id='word_1_80' title='bbox 314 1155 461 1194; x_wconf 80' lang='lat' dir='ltr'>cantur,</span> <span class='ocrx_word' id='word_1_81' title='bbox 489 1152 553 1196; x_wconf 84' lang='lat' dir='ltr'>qui</span> <span class='ocrx_word' id='word_1_82' title='bbox 581 1151 826 1195; x_wconf 82' lang='lat' dir='ltr'>baptizantur</span> <span class='ocrx_word' id='word_1_83' title='bbox 856 1152 893 1186; x_wconf 91' lang='lat' dir='ltr'>in</span> <span class='ocrx_word' id='word_1_84' title='bbox 921 1151 1025 1187; x_wconf 73' lang='lat' dir='ltr'>chri-</span> 
     </span>
     <span class='ocr_line' id='line_1_18' title="bbox 315 1208 1025 1254; baseline 0.001 -11"><span class='ocrx_word' id='word_1_85' title='bbox 315 1212 384 1254; x_wconf 89' lang='lat' dir='ltr'>sto,</span> <span class='ocrx_word' id='word_1_86' title='bbox 437 1209 512 1244; x_wconf 90' lang='lat' dir='ltr'>alia</span> <span class='ocrx_word' id='word_1_87' title='bbox 563 1208 813 1244; x_wconf 88' lang='lat' dir='ltr'>humanorum</span> <span class='ocrx_word' id='word_1_88' title='bbox 866 1210 1025 1253; x_wconf 87' lang='lat' dir='ltr'>placito-</span> 
     </span>
     <span class='ocr_line' id='line_1_19' title="bbox 316 1267 1024 1312; baseline -0.001 -10"><span class='ocrx_word' id='word_1_89' title='bbox 316 1278 396 1302; x_wconf 87' lang='lat' dir='ltr'>rum</span> <span class='ocrx_word' id='word_1_90' title='bbox 427 1271 541 1312; x_wconf 81' lang='lat' dir='ltr'>atque</span> <span class='ocrx_word' id='word_1_91' title='bbox 571 1272 770 1311; x_wconf 87' lang='lat' dir='ltr'>pactorum</span> <span class='ocrx_word' id='word_1_92' title='bbox 800 1267 835 1302; x_wconf 91' lang='lat' dir='ltr'>II</span> <span class='ocrx_word' id='word_1_93' title='bbox 865 1269 941 1311; x_wconf 90' lang='lat'>130,</span> <span class='ocrx_word' id='word_1_94' title='bbox 972 1268 1024 1303; x_wconf 85' lang='lat'>15.</span> 
     </span>
     <span class='ocr_line' id='line_1_20' title="bbox 314 1325 1023 1369; baseline 0.004 -12"><span class='ocrx_word' id='word_1_95' title='bbox 314 1325 361 1360; x_wconf 83' lang='lat' dir='ltr'>dc</span> <span class='ocrx_word' id='word_1_96' title='bbox 398 1325 470 1360; x_wconf 78' lang='lat' dir='ltr'>fide</span> <span class='ocrx_word' id='word_1_97' title='bbox 506 1329 542 1360; x_wconf 90' lang='lat' dir='ltr'>et</span> <span class='ocrx_word' id='word_1_98' title='bbox 580 1326 738 1369; x_wconf 89' lang='lat' dir='ltr'>ratione,</span> <span class='ocrx_word' id='word_1_99' title='bbox 778 1331 864 1360; x_wconf 89' lang='lat' dir='ltr'>ntra</span> <span class='ocrx_word' id='word_1_100' title='bbox 901 1331 1023 1361; x_wconf 86' lang='lat' dir='ltr'>utram</span> 
     </span>
     <span class='ocr_line' id='line_1_21' title="bbox 317 1383 1024 1428; baseline 0.003 -12"><span class='ocrx_word' id='word_1_101' title='bbox 317 1383 523 1426; x_wconf 81' lang='lat' dir='ltr'>praecedat</span> <span class='ocrx_word' id='word_1_102' title='bbox 564 1383 598 1417; x_wconf 93' lang='lat' dir='ltr'>Il</span> <span class='ocrx_word' id='word_1_103' title='bbox 640 1384 716 1423; x_wconf 78' lang='lat'>706,</span> <span class='ocrx_word' id='word_1_104' title='bbox 760 1384 928 1428; x_wconf 76' lang='lat'>18—708,</span> <span class='ocrx_word' id='word_1_105' title='bbox 970 1384 1024 1418; x_wconf 87' lang='lat'>24.</span> 
     </span>
     <span class='ocr_line' id='line_1_22' title="bbox 317 1441 1025 1486; baseline 0.001 -11"><span class='ocrx_word' id='word_1_106' title='bbox 317 1441 393 1485; x_wconf 89' lang='lat'>711,</span> <span class='ocrx_word' id='word_1_107' title='bbox 419 1441 450 1475; x_wconf 91' lang='lat'>6.</span> <span class='ocrx_word' id='word_1_108' title='bbox 477 1441 508 1476; x_wconf 88' lang='lat' dir='ltr'>si</span> <span class='ocrx_word' id='word_1_109' title='bbox 534 1441 760 1476; x_wconf 84' lang='lat' dir='ltr'>rationabile</span> <span class='ocrx_word' id='word_1_110' title='bbox 788 1447 856 1486; x_wconf 87' lang='lat' dir='ltr'>est,</span> <span class='ocrx_word' id='word_1_111' title='bbox 882 1447 925 1477; x_wconf 85' lang='lat' dir='ltr'>ut</span> <span class='ocrx_word' id='word_1_112' title='bbox 949 1452 1025 1476; x_wconf 81' lang='lat' dir='ltr'>ma-</span> 
     </span>
     <span class='ocr_line' id='line_1_23' title="bbox 315 1499 1026 1544; baseline 0.001 -11"><span class='ocrx_word' id='word_1_113' title='bbox 315 1510 429 1542; x_wconf 71' lang='lat' dir='ltr'>gnam</span> <span class='ocrx_word' id='word_1_114' title='bbox 459 1499 663 1544; x_wconf 86' lang='lat' dir='ltr'>quandam,</span> <span class='ocrx_word' id='word_1_115' title='bbox 694 1511 790 1544; x_wconf 79' lang='lat' dir='ltr'>quae</span> <span class='ocrx_word' id='word_1_116' title='bbox 820 1511 849 1534; x_wconf 82' lang='grc'>0.</span> <span class='ocrx_word' id='word_1_117' title='bbox 888 1510 905 1534; x_wconf 76' lang='grc'>’1</span> <span class='ocrx_word' id='word_1_118' title='bbox 935 1510 1026 1534; x_wconf 85' lang='grc'>11011-</span> 
     </span>
     <span class='ocr_line' id='line_1_24' title="bbox 316 1557 1023 1600; baseline 0.001 -9"><span class='ocrx_word' id='word_1_119' title='bbox 316 1557 405 1591; x_wconf 84' lang='grc'>(111111</span> <span class='ocrx_word' id='word_1_120' title='bbox 464 1561 602 1600; x_wconf 87' lang='lat' dir='ltr'>potest,</span> <span class='ocrx_word' id='word_1_121' title='bbox 670 1557 765 1593; x_wconf 87' lang='lat' dir='ltr'>fides</span> <span class='ocrx_word' id='word_1_122' title='bbox 820 1558 1023 1593; x_wconf 84' lang='lat' dir='ltr'>antecedat</span> 
     </span>
     <span class='ocr_line' id='line_1_25' title="bbox 316 1615 1027 1661; baseline 0.001 -12"><span class='ocrx_word' id='word_1_123' title='bbox 316 1615 513 1659; x_wconf 84' lang='lat' dir='ltr'>rationem,</span> <span class='ocrx_word' id='word_1_124' title='bbox 534 1615 667 1659; x_wconf 89' lang='lat' dir='ltr'>procul</span> <span class='ocrx_word' id='word_1_125' title='bbox 688 1615 803 1650; x_wconf 87' lang='lat' dir='ltr'>dubio</span> <span class='ocrx_word' id='word_1_126' title='bbox 826 1616 1027 1661; x_wconf 85' lang='lat' dir='ltr'>quantula-</span> 
     </span>
     <span class='ocr_line' id='line_1_26' title="bbox 316 1673 1026 1718; baseline 0.001 -12"><span class='ocrx_word' id='word_1_127' title='bbox 316 1683 476 1718; x_wconf 75' lang='lat' dir='ltr'>cumque</span> <span class='ocrx_word' id='word_1_128' title='bbox 511 1674 621 1717; x_wconf 89' lang='lat' dir='ltr'>rati0,</span> <span class='ocrx_word' id='word_1_129' title='bbox 656 1684 732 1718; x_wconf 86' lang='lat' dir='ltr'>qua</span> <span class='ocrx_word' id='word_1_130' title='bbox 765 1673 834 1708; x_wconf 84' lang='lat' dir='ltr'>hoc</span> <span class='ocrx_word' id='word_1_131' title='bbox 872 1683 1026 1718; x_wconf 88' lang='lat' dir='ltr'>persua-</span> 
     </span>
     <span class='ocr_line' id='line_1_27' title="bbox 316 1730 1025 1774; baseline 0.001 -10"><span class='ocrx_word' id='word_1_132' title='bbox 316 1731 391 1774; x_wconf 84' lang='lat' dir='ltr'>det,</span> <span class='ocrx_word' id='word_1_133' title='bbox 424 1731 538 1766; x_wconf 86' lang='lat' dir='ltr'>etiam</span> <span class='ocrx_word' id='word_1_134' title='bbox 573 1731 657 1774; x_wconf 84' lang='lat' dir='ltr'>ipsa</span> <span class='ocrx_word' id='word_1_135' title='bbox 688 1731 882 1766; x_wconf 78' lang='lat' dir='ltr'>antecedit</span> <span class='ocrx_word' id='word_1_136' title='bbox 914 1730 1025 1766; x_wconf 89' lang='lat' dir='ltr'>fidem</span> 
     </span>
     <span class='ocr_line' id='line_1_28' title="bbox 318 1788 1027 1834; baseline 0.003 -12"><span class='ocrx_word' id='word_1_137' title='bbox 318 1788 348 1822; x_wconf 89' lang='grc' dir='ltr'>ΙΙ</span> <span class='ocrx_word' id='word_1_138' title='bbox 384 1790 461 1834; x_wconf 91' lang='grc'>707,</span> <span class='ocrx_word' id='word_1_139' title='bbox 492 1790 524 1824; x_wconf 88' lang='grc'>2.</span> <span class='ocrx_word' id='word_1_140' title='bbox 556 1789 604 1823; x_wconf 87' lang='lat' dir='ltr'>ad</span> <span class='ocrx_word' id='word_1_141' title='bbox 637 1789 939 1834; x_wconf 80' lang='lat' dir='ltr'>intellegentiam</span> <span class='ocrx_word' id='word_1_142' title='bbox 970 1800 1027 1824; x_wconf 85' lang='lat' dir='ltr'>ra-</span> 
     </span>
    </p>
   </div>
   <div class='ocr_carea' id='block_1_10' title="bbox 1040 255 1047 1027">
    <p class='ocr_par' dir='ltr' id='par_1_10' title="bbox 1040 255 1047 1027">
     <span class='ocr_line' id='line_1_29' title="bbox 1040 255 1047 1027; baseline 0 0"><span class='ocrx_word' id='word_1_143' title='bbox 1040 255 1047 1027; x_wconf 95' lang='lat' dir='ltr'> </span> 
     </span>
    </p>
   </div>
   <div class='ocr_carea' id='block_1_11' title="bbox 317 1847 1051 2821">
    <p class='ocr_par' dir='ltr' id='par_1_11' title="bbox 317 1847 1051 2821">
     <span class='ocr_line' id='line_1_30' title="bbox 317 1847 1025 1890; baseline 0.001 -9"><span class='ocrx_word' id='word_1_144' title='bbox 317 1847 369 1881; x_wconf 88' lang='lat' dir='ltr'>tio</span> <span class='ocrx_word' id='word_1_145' title='bbox 414 1858 505 1882; x_wconf 86' lang='lat' dir='ltr'>vera</span> <span class='ocrx_word' id='word_1_146' title='bbox 551 1847 727 1890; x_wconf 81' lang='lat' dir='ltr'>perducit</span> <span class='ocrx_word' id='word_1_147' title='bbox 771 1853 807 1882; x_wconf 90' lang='lat' dir='ltr'>et</span> <span class='ocrx_word' id='word_1_148' title='bbox 853 1847 946 1882; x_wconf 78' lang='lat' dir='ltr'>fides</span> <span class='ocrx_word' id='word_1_149' title='bbox 993 1847 1025 1882; x_wconf 88' lang='lat' dir='ltr'>ei</span> 
     </span>
     <span class='ocr_line' id='line_1_31' title="bbox 317 1904 1025 1949; baseline 0.001 -11"><span class='ocrx_word' id='word_1_150' title='bbox 317 1904 483 1939; x_wconf 79' lang='lat' dir='ltr'>:inimum</span> <span class='ocrx_word' id='word_1_151' title='bbox 526 1909 732 1948; x_wconf 83' lang='lat' dir='ltr'>praeparat</span> <span class='ocrx_word' id='word_1_152' title='bbox 776 1904 811 1938; x_wconf 92' lang='lat' dir='ltr'>II</span> <span class='ocrx_word' id='word_1_153' title='bbox 852 1906 929 1949; x_wconf 89' lang='lat'>708,</span> <span class='ocrx_word' id='word_1_154' title='bbox 972 1905 1025 1939; x_wconf 92' lang='lat'>26.</span> 
     </span>
     <span class='ocr_line' id='line_1_32' title="bbox 319 1962 1026 2008; baseline 0.001 -12"><span class='ocrx_word' id='word_1_155' title='bbox 319 1962 530 1997; x_wconf 85' lang='lat' dir='ltr'>intellectui</span> <span class='ocrx_word' id='word_1_156' title='bbox 570 1962 663 1997; x_wconf 83' lang='lat' dir='ltr'>fides</span> <span class='ocrx_word' id='word_1_157' title='bbox 704 1963 849 2008; x_wconf 82' lang='lat' dir='ltr'>aditum</span> <span class='ocrx_word' id='word_1_158' title='bbox 891 1963 1026 2007; x_wconf 89' lang='lat' dir='ltr'>aperit,</span> 
     </span>
     <span class='ocr_line' id='line_1_33' title="bbox 318 2020 1027 2065; baseline 0.001 -11"><span class='ocrx_word' id='word_1_159' title='bbox 318 2020 524 2055; x_wconf 77' lang='lat' dir='ltr'>infidelitas</span> <span class='ocrx_word' id='word_1_160' title='bbox 573 2020 718 2055; x_wconf 83' lang='lat' dir='ltr'>claudit</span> <span class='ocrx_word' id='word_1_161' title='bbox 766 2020 820 2054; x_wconf 93' lang='lat' dir='ltr'>III</span> <span class='ocrx_word' id='word_1_162' title='bbox 872 2021 946 2065; x_wconf 87' lang='grc'>117,</span> <span class='ocrx_word' id='word_1_163' title='bbox 996 2022 1027 2055; x_wconf 92' lang='grc'>7.</span> 
     </span>
     <span class='ocr_line' id='line_1_34' title="bbox 318 2078 1026 2122; baseline 0.003 -11"><span class='ocrx_word' id='word_1_164' title='bbox 318 2088 384 2121; x_wconf 81' lang='lat' dir='ltr'>per</span> <span class='ocrx_word' id='word_1_165' title='bbox 431 2078 542 2113; x_wconf 81' lang='lat' dir='ltr'>tidem</span> <span class='ocrx_word' id='word_1_166' title='bbox 590 2088 793 2121; x_wconf 86' lang='lat' dir='ltr'>possumus</span> <span class='ocrx_word' id='word_1_167' title='bbox 840 2078 1026 2122; x_wconf 89' lang='lat' dir='ltr'>mundari,</span> 
     </span>
     <span class='ocr_line' id='line_1_35' title="bbox 318 2135 1034 2180; baseline 0 -10"><span class='ocrx_word' id='word_1_168' title='bbox 318 2136 457 2180; x_wconf 79' lang='lat' dir='ltr'>sanari,</span> <span class='ocrx_word' id='word_1_169' title='bbox 504 2135 783 2180; x_wconf 79' lang='lat' dir='ltr'>perfectissime</span> <span class='ocrx_word' id='word_1_170' title='bbox 832 2136 940 2171; x_wconf 88' lang='lat' dir='ltr'>liberi</span> <span class='ocrx_word' id='word_1_171' title='bbox 990 2136 1034 2170; x_wconf 76' lang='lat' dir='ltr'>in&#39;</span> 
     </span>
     <span class='ocr_line' id='line_1_36' title="bbox 318 2193 1027 2238; baseline 0.001 -11"><span class='ocrx_word' id='word_1_172' title='bbox 318 2193 547 2229; x_wconf 79' lang='lat' dir='ltr'>aeternitate</span> <span class='ocrx_word' id='word_1_173' title='bbox 582 2204 743 2238; x_wconf 83' lang='lat' dir='ltr'>regnare</span> <span class='ocrx_word' id='word_1_174' title='bbox 777 2193 829 2227; x_wconf 92' lang='lat' dir='ltr'>IV</span> <span class='ocrx_word' id='word_1_175' title='bbox 862 2194 939 2238; x_wconf 93' lang='lat'>410,</span> <span class='ocrx_word' id='word_1_176' title='bbox 973 2194 1027 2228; x_wconf 83' lang='lat'>22.</span> 
     </span>
     <span class='ocr_line' id='line_1_37' title="bbox 320 2251 1028 2296; baseline 0 -11"><span class='ocrx_word' id='word_1_177' title='bbox 320 2251 394 2286; x_wconf 79' lang='lat' dir='ltr'>non</span> <span class='ocrx_word' id='word_1_178' title='bbox 455 2252 623 2286; x_wconf 88' lang='lat' dir='ltr'>omnium</span> <span class='ocrx_word' id='word_1_179' title='bbox 681 2256 739 2287; x_wconf 83' lang='lat' dir='ltr'>est</span> <span class='ocrx_word' id='word_1_180' title='bbox 799 2252 904 2295; x_wconf 80' lang='lat' dir='ltr'>tides,</span> <span class='ocrx_word' id='word_1_181' title='bbox 964 2251 1028 2296; x_wconf 83' lang='lat' dir='ltr'>qui</span> 
     </span>
     <span class='ocr_line' id='line_1_38' title="bbox 319 2308 1029 2354; baseline 0 -11"><span class='ocrx_word' id='word_1_182' title='bbox 319 2308 481 2344; x_wconf 86' lang='lat' dir='ltr'>audiunt</span> <span class='ocrx_word' id='word_1_183' title='bbox 540 2310 707 2353; x_wconf 89' lang='lat' dir='ltr'>verbum,</span> <span class='ocrx_word' id='word_1_184' title='bbox 767 2310 834 2344; x_wconf 85' lang='lat' dir='ltr'>sed</span> <span class='ocrx_word' id='word_1_185' title='bbox 893 2309 1029 2354; x_wconf 86' lang='lat' dir='ltr'>quibus</span> 
     </span>
     <span class='ocr_line' id='line_1_39' title="bbox 318 2366 1029 2410; baseline 0 -9"><span class='ocrx_word' id='word_1_186' title='bbox 318 2367 413 2401; x_wconf 85' lang='lat' dir='ltr'>deus</span> <span class='ocrx_word' id='word_1_187' title='bbox 460 2367 625 2410; x_wconf 89' lang='lat' dir='ltr'>partitur</span> <span class='ocrx_word' id='word_1_188' title='bbox 675 2378 892 2403; x_wconf 89' lang='lat' dir='ltr'>mensuram</span> <span class='ocrx_word' id='word_1_189' title='bbox 941 2366 1029 2402; x_wconf 84' lang='lat' dir='ltr'>fidei</span> 
     </span>
     <span class='ocr_line' id='line_1_40' title="bbox 322 2424 1028 2469; baseline 0.001 -11"><span class='ocrx_word' id='word_1_190' title='bbox 322 2424 371 2458; x_wconf 77' lang='lat' dir='ltr'>lv</span> <span class='ocrx_word' id='word_1_191' title='bbox 416 2425 491 2469; x_wconf 88' lang='lat'>184,</span> <span class='ocrx_word' id='word_1_192' title='bbox 535 2425 588 2459; x_wconf 86' lang='lat'>14.</span> <span class='ocrx_word' id='word_1_193' title='bbox 631 2435 677 2460; x_wconf 89' lang='lat' dir='ltr'>ne</span> <span class='ocrx_word' id='word_1_194' title='bbox 721 2435 760 2460; x_wconf 93' lang='lat' dir='ltr'>se</span> <span class='ocrx_word' id='word_1_195' title='bbox 803 2425 864 2460; x_wconf 93' lang='lat' dir='ltr'>vel</span> <span class='ocrx_word' id='word_1_196' title='bbox 907 2424 1028 2468; x_wconf 88' lang='lat' dir='ltr'>ipsius</span> 
     </span>
     <span class='ocr_line' id='line_1_41' title="bbox 320 2482 1028 2526; baseline 0.003 -11"><span class='ocrx_word' id='word_1_197' title='bbox 320 2482 505 2517; x_wconf 88' lang='lat' dir='ltr'>orationis</span> <span class='ocrx_word' id='word_1_198' title='bbox 533 2483 709 2517; x_wconf 88' lang='lat' dir='ltr'>meritum</span> <span class='ocrx_word' id='word_1_199' title='bbox 735 2482 907 2526; x_wconf 85' lang='lat' dir='ltr'>extollat,</span> <span class='ocrx_word' id='word_1_200' title='bbox 934 2482 1028 2517; x_wconf 75' lang='lat' dir='ltr'>fides</span> 
     </span>
     <span class='ocr_line' id='line_1_42' title="bbox 320 2540 1049 2585; baseline 0 -11"><span class='ocrx_word' id='word_1_201' title='bbox 320 2544 416 2584; x_wconf 84' lang='lat' dir='ltr'>orat,</span> <span class='ocrx_word' id='word_1_202' title='bbox 447 2550 544 2585; x_wconf 86' lang='lat' dir='ltr'>quae</span> <span class='ocrx_word' id='word_1_203' title='bbox 574 2540 667 2575; x_wconf 89' lang='lat' dir='ltr'>data</span> <span class='ocrx_word' id='word_1_204' title='bbox 696 2544 754 2575; x_wconf 87' lang='lat' dir='ltr'>est</span> <span class='ocrx_word' id='word_1_205' title='bbox 784 2549 860 2575; x_wconf 88' lang='lat' dir='ltr'>non</span> <span class='ocrx_word' id='word_1_206' title='bbox 891 2540 1049 2584; x_wconf 81' lang='lat' dir='ltr'>oranti„</span> 
     </span>
     <span class='ocr_line' id='line_1_43' title="bbox 321 2597 1029 2642; baseline 0.001 -11"><span class='ocrx_word' id='word_1_207' title='bbox 321 2608 418 2642; x_wconf 81' lang='lat' dir='ltr'>quae</span> <span class='ocrx_word' id='word_1_208' title='bbox 468 2597 599 2642; x_wconf 86' lang='lat' dir='ltr'>utique</span> <span class='ocrx_word' id='word_1_209' title='bbox 650 2598 724 2632; x_wconf 88' lang='lat' dir='ltr'>nisi</span> <span class='ocrx_word' id='word_1_210' title='bbox 774 2598 867 2632; x_wconf 72' lang='lat' dir='ltr'>dat—a</span> <span class='ocrx_word' id='word_1_211' title='bbox 916 2602 1029 2642; x_wconf 86' lang='lat' dir='ltr'>esset,</span> 
     </span>
     <span class='ocr_line' id='line_1_44' title="bbox 322 2653 1049 2699; baseline 0 -10"><span class='ocrx_word' id='word_1_212' title='bbox 322 2665 431 2690; x_wconf 89' lang='lat' dir='ltr'>orare</span> <span class='ocrx_word' id='word_1_213' title='bbox 472 2666 549 2690; x_wconf 88' lang='lat' dir='ltr'>non</span> <span class='ocrx_word' id='word_1_214' title='bbox 589 2661 719 2699; x_wconf 84' lang='lat' dir='ltr'>posset</span> <span class='ocrx_word' id='word_1_215' title='bbox 760 2655 811 2689; x_wconf 93' lang='lat' dir='ltr'>IV</span> <span class='ocrx_word' id='word_1_216' title='bbox 854 2656 929 2699; x_wconf 88' lang='lat'>183,</span> <span class='ocrx_word' id='word_1_217' title='bbox 970 2653 1049 2699; x_wconf 69' lang='grc' dir='ltr'>2ος1</span> 
     </span>
     <span class='ocr_line' id='line_1_45' title="bbox 324 2713 1050 2756; baseline 0.003 -11"><span class='ocrx_word' id='word_1_218' title='bbox 324 2713 368 2751; x_wconf 72' lang='lat' dir='ltr'>‘&#39;f·</span> <span class='ocrx_word' id='word_1_219' title='bbox 413 2713 502 2752; x_wconf 44' lang='lat'>1880</span> <span class='ocrx_word' id='word_1_220' title='bbox 531 2714 562 2747; x_wconf 88' lang='lat'>7.</span> <span class='ocrx_word' id='word_1_221' title='bbox 606 2713 700 2748; x_wconf 81' lang='lat' dir='ltr'>fides</span> <span class='ocrx_word' id='word_1_222' title='bbox 739 2713 904 2756; x_wconf 83' lang='lat' dir='ltr'>desuper</span> <span class='ocrx_word' id='word_1_223' title='bbox 946 2723 1050 2756; x_wconf 61' lang='lat' dir='ltr'>gra-3</span> 
     </span>
     <span class='ocr_line' id='line_1_46' title="bbox 323 2770 1051 2821; baseline -0.001 -17"><span class='ocrx_word' id='word_1_224' title='bbox 323 2770 420 2805; x_wconf 87' lang='lat' dir='ltr'>tuito</span> <span class='ocrx_word' id='word_1_225' title='bbox 466 2781 621 2806; x_wconf 86' lang='lat' dir='ltr'>munere</span> <span class='ocrx_word' id='word_1_226' title='bbox 668 2770 776 2806; x_wconf 87' lang='lat' dir='ltr'>nobis</span> <span class='ocrx_word' id='word_1_227' title='bbox 821 2770 934 2806; x_wconf 89' lang='lat' dir='ltr'>dat-ur</span> <span class='ocrx_word' id='word_1_228' title='bbox 979 2770 1051 2821; x_wconf 74' lang='lat' dir='ltr'>IV:</span> 
     </span>
    </p>
   </div>
   <div class='ocr_carea' id='block_1_12' title="bbox 1045 1629 1051 2720">
    <p class='ocr_par' dir='ltr' id='par_1_12' title="bbox 1045 1629 1051 2720">
     <span class='ocr_line' id='line_1_47' title="bbox 1045 1629 1051 2720; baseline 0 0"><span class='ocrx_word' id='word_1_229' title='bbox 1045 1629 1051 2720; x_wconf 95' lang='lat' dir='ltr'> </span> 
     </span>
    </p>
   </div>
   <div class='ocr_carea' id='block_1_13' title="bbox 1107 240 1825 2813">
    <p class='ocr_par' dir='ltr' id='par_1_13' title="bbox 1107 240 1825 2332">
     <span class='ocr_line' id='line_1_48' title="bbox 1112 240 1819 286; baseline 0.003 -12"><span class='ocrx_word' id='word_1_230' title='bbox 1112 240 1186 283; x_wconf 88' lang='lat'>185,</span> <span class='ocrx_word' id='word_1_231' title='bbox 1215 240 1270 283; x_wconf 79' lang='lat'>163</span> <span class='ocrx_word' id='word_1_232' title='bbox 1299 241 1345 282; x_wconf 83' lang='lat' dir='ltr'>cs.</span> <span class='ocrx_word' id='word_1_233' title='bbox 1371 242 1450 284; x_wconf 85' lang='lat'>383,</span> <span class='ocrx_word' id='word_1_234' title='bbox 1480 241 1531 275; x_wconf 91' lang='lat'>14.</span> <span class='ocrx_word' id='word_1_235' title='bbox 1558 241 1643 276; x_wconf 87' lang='lat' dir='ltr'>idco</span> <span class='ocrx_word' id='word_1_236' title='bbox 1671 252 1739 286; x_wconf 85' lang='lat' dir='ltr'>pro</span> <span class='ocrx_word' id='word_1_237' title='bbox 1766 241 1819 276; x_wconf 91' lang='lat' dir='ltr'>in-</span> 
     </span>
     <span class='ocr_line' id='line_1_49' title="bbox 1109 298 1819 344; baseline 0.004 -12"><span class='ocrx_word' id='word_1_238' title='bbox 1109 298 1283 334; x_wconf 85' lang='lat' dir='ltr'>fidelibus</span> <span class='ocrx_word' id='word_1_239' title='bbox 1322 299 1416 334; x_wconf 88' lang='lat' dir='ltr'>deus</span> <span class='ocrx_word' id='word_1_240' title='bbox 1455 303 1624 344; x_wconf 84' lang='lat' dir='ltr'>rogatur,</span> <span class='ocrx_word' id='word_1_241' title='bbox 1662 304 1704 335; x_wconf 89' lang='lat' dir='ltr'>ut</span> <span class='ocrx_word' id='word_1_242' title='bbox 1741 310 1819 336; x_wconf 85' lang='lat' dir='ltr'>cre-</span> 
     </span>
     <span class='ocr_line' id='line_1_50' title="bbox 1107 355 1820 402; baseline 0.003 -12"><span class='ocrx_word' id='word_1_243' title='bbox 1107 355 1213 401; x_wconf 84' lang='lat' dir='ltr'>dant,</span> <span class='ocrx_word' id='word_1_244' title='bbox 1255 357 1436 402; x_wconf 89' lang='lat' dir='ltr'>quoniam</span> <span class='ocrx_word' id='word_1_245' title='bbox 1481 357 1576 393; x_wconf 88' lang='lat' dir='ltr'>deus</span> <span class='ocrx_word' id='word_1_246' title='bbox 1619 357 1740 397; x_wconf 82' lang='lat' dir='ltr'>donat.</span> <span class='ocrx_word' id='word_1_247' title='bbox 1782 362 1820 393; x_wconf 87' lang='lat' dir='ltr'>et</span> 
     </span>
     <span class='ocr_line' id='line_1_51' title="bbox 1109 414 1821 460; baseline 0.003 -11"><span class='ocrx_word' id='word_1_248' title='bbox 1109 414 1236 458; x_wconf 70' lang='lat' dir='ltr'>fldem,</span> <span class='ocrx_word' id='word_1_249' title='bbox 1272 414 1359 450; x_wconf 89' lang='lat' dir='ltr'>ideo</span> <span class='ocrx_word' id='word_1_250' title='bbox 1395 424 1463 458; x_wconf 87' lang='lat' dir='ltr'>pro</span> <span class='ocrx_word' id='word_1_251' title='bbox 1498 415 1565 459; x_wconf 91' lang='lat' dir='ltr'>eis,</span> <span class='ocrx_word' id='word_1_252' title='bbox 1601 415 1666 460; x_wconf 89' lang='lat' dir='ltr'>qui</span> <span class='ocrx_word' id='word_1_253' title='bbox 1700 415 1821 451; x_wconf 87' lang='lat' dir='ltr'>credi-</span> 
     </span>
     <span class='ocr_line' id='line_1_52' title="bbox 1108 472 1820 518; baseline 0.001 -11"><span class='ocrx_word' id='word_1_254' title='bbox 1108 472 1246 517; x_wconf 86' lang='lat' dir='ltr'>derint,</span> <span class='ocrx_word' id='word_1_255' title='bbox 1277 472 1349 508; x_wconf 88' lang='lat' dir='ltr'>deo</span> <span class='ocrx_word' id='word_1_256' title='bbox 1381 473 1527 518; x_wconf 83' lang='lat' dir='ltr'>gratias</span> <span class='ocrx_word' id='word_1_257' title='bbox 1559 474 1698 518; x_wconf 86' lang='lat' dir='ltr'>agitur,</span> <span class='ocrx_word' id='word_1_258' title='bbox 1729 484 1820 518; x_wconf 89' lang='lat' dir='ltr'>quo-</span> 
     </span>
     <span class='ocr_line' id='line_1_53' title="bbox 1111 530 1820 575; baseline 0.001 -10"><span class='ocrx_word' id='word_1_259' title='bbox 1111 530 1212 565; x_wconf 91' lang='lat' dir='ltr'>niam</span> <span class='ocrx_word' id='word_1_260' title='bbox 1255 531 1376 566; x_wconf 85' lang='lat' dir='ltr'>donat</span> <span class='ocrx_word' id='word_1_261' title='bbox 1415 535 1454 566; x_wconf 87' lang='lat' dir='ltr'>et</span> <span class='ocrx_word' id='word_1_262' title='bbox 1494 530 1607 566; x_wconf 90' lang='lat' dir='ltr'>fidem</span> <span class='ocrx_word' id='word_1_263' title='bbox 1649 531 1702 566; x_wconf 90' lang='lat' dir='ltr'>IV</span> <span class='ocrx_word' id='word_1_264' title='bbox 1740 531 1820 575; x_wconf 76' lang='lat'>424,</span> 
     </span>
     <span class='ocr_line' id='line_1_54' title="bbox 1111 588 1821 633; baseline 0.003 -11"><span class='ocrx_word' id='word_1_265' title='bbox 1111 588 1281 633; x_wconf 84' lang='lat'>15—425,</span> <span class='ocrx_word' id='word_1_266' title='bbox 1308 589 1350 623; x_wconf 93' lang='lat'>·7.</span> <span class='ocrx_word' id='word_1_267' title='bbox 1399 588 1511 624; x_wconf 92' lang='lat' dir='ltr'>homo</span> <span class='ocrx_word' id='word_1_268' title='bbox 1549 599 1626 624; x_wconf 90' lang='lat' dir='ltr'>non</span> <span class='ocrx_word' id='word_1_269' title='bbox 1664 588 1821 625; x_wconf 88' lang='lat' dir='ltr'>haberet</span> 
     </span>
     <span class='ocr_line' id='line_1_55' title="bbox 1110 646 1820 691; baseline 0.001 -10"><span class='ocrx_word' id='word_1_270' title='bbox 1110 646 1234 691; x_wconf 82' lang='lat' dir='ltr'>tidem,</span> <span class='ocrx_word' id='word_1_271' title='bbox 1274 647 1346 682; x_wconf 88' lang='lat' dir='ltr'>nisi</span> <span class='ocrx_word' id='word_1_272' title='bbox 1387 647 1602 691; x_wconf 78' lang='lat' dir='ltr'>accepisset</span> <span class='ocrx_word' id='word_1_273' title='bbox 1643 647 1820 691; x_wconf 88' lang='lat' dir='ltr'>spiritum</span> 
     </span>
     <span class='ocr_line' id='line_1_56' title="bbox 1111 704 1819 749; baseline 0.001 -11"><span class='ocrx_word' id='word_1_274' title='bbox 1111 704 1199 739; x_wconf 90' lang='lat' dir='ltr'>fidei</span> <span class='ocrx_word' id='word_1_275' title='bbox 1241 704 1292 738; x_wconf 92' lang='lat' dir='ltr'>IV</span> <span class='ocrx_word' id='word_1_276' title='bbox 1339 705 1414 749; x_wconf 91' lang='grc'>187,</span> <span class='ocrx_word' id='word_1_277' title='bbox 1459 705 1513 739; x_wconf 91' lang='grc'>23.</span> <span class='ocrx_word' id='word_1_278' title='bbox 1556 705 1637 741; x_wconf 89' lang='lat' dir='ltr'>sine</span> <span class='ocrx_word' id='word_1_279' title='bbox 1681 705 1819 748; x_wconf 86' lang='lat' dir='ltr'>spiritu</span> 
     </span>
     <span class='ocr_line' id='line_1_57' title="bbox 1110 761 1819 808; baseline 0.001 -11"><span class='ocrx_word' id='word_1_280' title='bbox 1110 761 1198 797; x_wconf 85' lang='lat' dir='ltr'>fidei</span> <span class='ocrx_word' id='word_1_281' title='bbox 1246 772 1324 798; x_wconf 88' lang='lat' dir='ltr'>non</span> <span class='ocrx_word' id='word_1_282' title='bbox 1371 768 1430 798; x_wconf 87' lang='lat' dir='ltr'>est</span> <span class='ocrx_word' id='word_1_283' title='bbox 1477 767 1580 798; x_wconf 87' lang='lat' dir='ltr'>recte</span> <span class='ocrx_word' id='word_1_284' title='bbox 1630 763 1819 808; x_wconf 83' lang='lat' dir='ltr'>quispiam</span> 
     </span>
     <span class='ocr_line' id='line_1_58' title="bbox 1110 820 1822 865; baseline 0.003 -11"><span class='ocrx_word' id='word_1_285' title='bbox 1110 820 1326 855; x_wconf 89' lang='lat' dir='ltr'>crediturus</span> <span class='ocrx_word' id='word_1_286' title='bbox 1356 831 1425 856; x_wconf 89' lang='lat' dir='ltr'>nec</span> <span class='ocrx_word' id='word_1_287' title='bbox 1457 821 1537 856; x_wconf 88' lang='lat' dir='ltr'>sine</span> <span class='ocrx_word' id='word_1_288' title='bbox 1571 821 1710 865; x_wconf 90' lang='lat' dir='ltr'>spiritu</span> <span class='ocrx_word' id='word_1_289' title='bbox 1740 832 1822 856; x_wconf 87' lang='lat' dir='ltr'>ora-</span> 
     </span>
     <span class='ocr_line' id='line_1_59' title="bbox 1110 878 1820 914; baseline 0 -2"><span class='ocrx_word' id='word_1_290' title='bbox 1110 878 1227 913; x_wconf 88' lang='lat' dir='ltr'>tionis</span> <span class='ocrx_word' id='word_1_291' title='bbox 1277 878 1480 914; x_wconf 78' lang='lat' dir='ltr'>salubriter</span> <span class='ocrx_word' id='word_1_292' title='bbox 1529 884 1708 914; x_wconf 80' lang='lat' dir='ltr'>oraturus</span> <span class='ocrx_word' id='word_1_293' title='bbox 1771 879 1820 913; x_wconf 81' lang='lat' dir='ltr'>IV</span> 
     </span>
     <span class='ocr_line' id='line_1_60' title="bbox 1114 936 1821 982; baseline 0 -12"><span class='ocrx_word' id='word_1_294' title='bbox 1114 937 1188 980; x_wconf 88' lang='grc'>190,</span> <span class='ocrx_word' id='word_1_295' title='bbox 1214 936 1249 980; x_wconf 90' lang='grc'>5·,</span> <span class='ocrx_word' id='word_1_296' title='bbox 1276 937 1322 978; x_wconf 74' lang='lat' dir='ltr'>cf.</span> <span class='ocrx_word' id='word_1_297' title='bbox 1348 937 1423 980; x_wconf 88' lang='grc'>188,</span> <span class='ocrx_word' id='word_1_298' title='bbox 1452 937 1621 982; x_wconf 80' lang='grc'>14-189,</span> <span class='ocrx_word' id='word_1_299' title='bbox 1648 938 1703 972; x_wconf 90' lang='grc'>22.</span> <span class='ocrx_word' id='word_1_300' title='bbox 1727 938 1821 973; x_wconf 66' lang='lat' dir='ltr'>fides</span> 
     </span>
     <span class='ocr_line' id='line_1_61' title="bbox 1111 994 1822 1039; baseline 0.001 -10"><span class='ocrx_word' id='word_1_301' title='bbox 1111 994 1310 1038; x_wconf 84' lang='lat' dir='ltr'>praecedit</span> <span class='ocrx_word' id='word_1_302' title='bbox 1328 996 1541 1031; x_wconf 87' lang='lat' dir='ltr'>orationem</span> <span class='ocrx_word' id='word_1_303' title='bbox 1562 995 1614 1030; x_wconf 93' lang='lat' dir='ltr'>IV</span> <span class='ocrx_word' id='word_1_304' title='bbox 1636 996 1712 1039; x_wconf 85' lang='lat'>183,</span> <span class='ocrx_word' id='word_1_305' title='bbox 1732 996 1822 1030; x_wconf 79' lang='lat'>20—</span> 
     </span>
     <span class='ocr_line' id='line_1_62' title="bbox 1113 1053 1822 1097; baseline 0.001 -10"><span class='ocrx_word' id='word_1_306' title='bbox 1113 1053 1188 1097; x_wconf 86' lang='lat'>184,</span> <span class='ocrx_word' id='word_1_307' title='bbox 1222 1053 1252 1088; x_wconf 90' lang='lat'>2.</span> <span class='ocrx_word' id='word_1_308' title='bbox 1298 1053 1400 1088; x_wconf 84' lang='lat' dir='ltr'>bona</span> <span class='ocrx_word' id='word_1_309' title='bbox 1442 1062 1562 1097; x_wconf 87' lang='lat' dir='ltr'>opera</span> <span class='ocrx_word' id='word_1_310' title='bbox 1608 1058 1743 1088; x_wconf 84' lang='lat' dir='ltr'>nostra</span> <span class='ocrx_word' id='word_1_311' title='bbox 1785 1060 1822 1089; x_wconf 89' lang='lat' dir='ltr'>et</span> 
     </span>
     <span class='ocr_line' id='line_1_63' title="bbox 1111 1111 1822 1154; baseline -0.001 -9"><span class='ocrx_word' id='word_1_312' title='bbox 1111 1111 1197 1154; x_wconf 86' lang='lat' dir='ltr'>piae</span> <span class='ocrx_word' id='word_1_313' title='bbox 1245 1111 1441 1147; x_wconf 82' lang='lat' dir='ltr'>orationes</span> <span class='ocrx_word' id='word_1_314' title='bbox 1490 1116 1528 1147; x_wconf 89' lang='lat' dir='ltr'>et</span> <span class='ocrx_word' id='word_1_315' title='bbox 1575 1115 1681 1146; x_wconf 85' lang='lat' dir='ltr'>recta</span> <span class='ocrx_word' id='word_1_316' title='bbox 1728 1111 1822 1147; x_wconf 69' lang='lat' dir='ltr'>fides</span> 
     </span>
     <span class='ocr_line' id='line_1_64' title="bbox 1111 1168 1822 1214; baseline 0 -11"><span class='ocrx_word' id='word_1_317' title='bbox 1111 1169 1214 1204; x_wconf 91' lang='lat' dir='ltr'>nullo</span> <span class='ocrx_word' id='word_1_318' title='bbox 1249 1168 1362 1204; x_wconf 88' lang='lat' dir='ltr'>modo</span> <span class='ocrx_word' id='word_1_319' title='bbox 1399 1169 1438 1204; x_wconf 93' lang='lat' dir='ltr'>in</span> <span class='ocrx_word' id='word_1_320' title='bbox 1474 1169 1583 1205; x_wconf 88' lang='lat' dir='ltr'>nobis</span> <span class='ocrx_word' id='word_1_321' title='bbox 1617 1180 1700 1205; x_wconf 81' lang='lat' dir='ltr'>esse</span> <span class='ocrx_word' id='word_1_322' title='bbox 1737 1180 1822 1214; x_wconf 76' lang='lat' dir='ltr'>pos-</span> 
     </span>
     <span class='ocr_line' id='line_1_65' title="bbox 1111 1227 1822 1272; baseline -0.001 -10"><span class='ocrx_word' id='word_1_323' title='bbox 1111 1232 1210 1272; x_wconf 86' lang='lat' dir='ltr'>sunt,</span> <span class='ocrx_word' id='word_1_324' title='bbox 1240 1227 1313 1262; x_wconf 90' lang='lat' dir='ltr'>nisi</span> <span class='ocrx_word' id='word_1_325' title='bbox 1341 1227 1434 1262; x_wconf 89' lang='lat' dir='ltr'>haec</span> <span class='ocrx_word' id='word_1_326' title='bbox 1463 1228 1673 1271; x_wconf 83' lang='lat' dir='ltr'>accipimus</span> <span class='ocrx_word' id='word_1_327' title='bbox 1701 1239 1725 1263; x_wconf 85' lang='lat' dir='ltr'>a</span> <span class='ocrx_word' id='word_1_328' title='bbox 1750 1228 1822 1263; x_wconf 85' lang='grc'>(100</span> 
     </span>
     <span class='ocr_line' id='line_1_66' title="bbox 1113 1285 1822 1330; baseline 0.001 -11"><span class='ocrx_word' id='word_1_329' title='bbox 1113 1285 1163 1319; x_wconf 90' lang='lat' dir='ltr'>IV</span> <span class='ocrx_word' id='word_1_330' title='bbox 1205 1286 1283 1330; x_wconf 87' lang='grc'>383,</span> <span class='ocrx_word' id='word_1_331' title='bbox 1328 1286 1380 1320; x_wconf 91' lang='grc'>11.</span> <span class='ocrx_word' id='word_1_332' title='bbox 1424 1286 1573 1320; x_wconf 91' lang='lat' dir='ltr'>initium</span> <span class='ocrx_word' id='word_1_333' title='bbox 1616 1286 1704 1322; x_wconf 88' lang='lat' dir='ltr'>fidei</span> <span class='ocrx_word' id='word_1_334' title='bbox 1746 1296 1822 1320; x_wconf 90' lang='lat' dir='ltr'>non</span> 
     </span>
     <span class='ocr_line' id='line_1_67' title="bbox 1111 1344 1823 1387; baseline 0.001 -9"><span class='ocrx_word' id='word_1_335' title='bbox 1111 1354 1194 1379; x_wconf 90' lang='lat' dir='ltr'>esse</span> <span class='ocrx_word' id='word_1_336' title='bbox 1233 1344 1374 1380; x_wconf 91' lang='lat' dir='ltr'>donum</span> <span class='ocrx_word' id='word_1_337' title='bbox 1411 1344 1484 1387; x_wconf 85' lang='lat' dir='ltr'>dei,</span> <span class='ocrx_word' id='word_1_338' title='bbox 1524 1344 1590 1379; x_wconf 86' lang='lat' dir='ltr'>sed</span> <span class='ocrx_word' id='word_1_339' title='bbox 1628 1355 1675 1379; x_wconf 87' lang='lat' dir='ltr'>ex</span> <span class='ocrx_word' id='word_1_340' title='bbox 1713 1344 1823 1379; x_wconf 81' lang='lat' dir='ltr'>nobis</span> 
     </span>
     <span class='ocr_line' id='line_1_68' title="bbox 1112 1401 1823 1441; baseline -0.001 -5"><span class='ocrx_word' id='word_1_341' title='bbox 1112 1412 1180 1436; x_wconf 90' lang='lat' dir='ltr'>nos</span> <span class='ocrx_word' id='word_1_342' title='bbox 1231 1401 1369 1437; x_wconf 89' lang='lat' dir='ltr'>habere</span> <span class='ocrx_word' id='word_1_343' title='bbox 1422 1402 1622 1437; x_wconf 87' lang='lat' dir='ltr'>contendit</span> <span class='ocrx_word' id='word_1_344' title='bbox 1672 1402 1823 1441; x_wconf 73' lang='lat' dir='ltr'>Vitalis,</span> 
     </span>
     <span class='ocr_line' id='line_1_69' title="bbox 1111 1459 1824 1504; baseline 0.001 -10"><span class='ocrx_word' id='word_1_345' title='bbox 1111 1463 1152 1494; x_wconf 89' lang='lat' dir='ltr'>ut</span> <span class='ocrx_word' id='word_1_346' title='bbox 1200 1459 1355 1495; x_wconf 87' lang='lat' dir='ltr'>credere</span> <span class='ocrx_word' id='word_1_347' title='bbox 1404 1459 1647 1504; x_wconf 64' lang='lat' dir='ltr'>incipiamus,</span> <span class='ocrx_word' id='word_1_348' title='bbox 1696 1463 1824 1495; x_wconf 85' lang='lat' dir='ltr'>cetera</span> 
     </span>
     <span class='ocr_line' id='line_1_70' title="bbox 1111 1517 1825 1562; baseline -0.001 -10"><span class='ocrx_word' id='word_1_349' title='bbox 1111 1521 1238 1552; x_wconf 88' lang='lat' dir='ltr'>autem</span> <span class='ocrx_word' id='word_1_350' title='bbox 1298 1517 1501 1562; x_wconf 83' lang='lat' dir='ltr'>religiosae</span> <span class='ocrx_word' id='word_1_351' title='bbox 1560 1518 1665 1553; x_wconf 88' lang='lat' dir='ltr'>vitae</span> <span class='ocrx_word' id='word_1_352' title='bbox 1724 1518 1825 1553; x_wconf 81' lang='lat' dir='ltr'>bona</span> 
     </span>
     <span class='ocr_line' id='line_1_71' title="bbox 1110 1575 1823 1620; baseline 0.001 -10"><span class='ocrx_word' id='word_1_353' title='bbox 1110 1575 1223 1610; x_wconf 89' lang='lat' dir='ltr'>deum</span> <span class='ocrx_word' id='word_1_354' title='bbox 1254 1586 1321 1619; x_wconf 91' lang='lat' dir='ltr'>per</span> <span class='ocrx_word' id='word_1_355' title='bbox 1349 1576 1513 1620; x_wconf 82' lang='lat' dir='ltr'>gratiam</span> <span class='ocrx_word' id='word_1_356' title='bbox 1543 1587 1649 1611; x_wconf 89' lang='lat' dir='ltr'>suam</span> <span class='ocrx_word' id='word_1_357' title='bbox 1679 1577 1823 1611; x_wconf 88' lang='lat' dir='ltr'>donare</span> 
     </span>
     <span class='ocr_line' id='line_1_72' title="bbox 1113 1633 1823 1678; baseline 0.003 -11"><span class='ocrx_word' id='word_1_358' title='bbox 1113 1634 1308 1668; x_wconf 82' lang='lat' dir='ltr'>consensit</span> <span class='ocrx_word' id='word_1_359' title='bbox 1333 1633 1385 1667; x_wconf 90' lang='lat' dir='ltr'>IV</span> <span class='ocrx_word' id='word_1_360' title='bbox 1408 1634 1486 1673; x_wconf 86' lang='grc'>424,</span> <span class='ocrx_word' id='word_1_361' title='bbox 1513 1634 1568 1677; x_wconf 83' lang='grc' dir='ltr'>1ος</span> <span class='ocrx_word' id='word_1_362' title='bbox 1596 1635 1641 1675; x_wconf 74' lang='lat' dir='ltr'>cf.</span> <span class='ocrx_word' id='word_1_363' title='bbox 1667 1634 1745 1678; x_wconf 87' lang='lat'>403,</span> <span class='ocrx_word' id='word_1_364' title='bbox 1770 1634 1823 1669; x_wconf 83' lang='lat'>14.</span> 
     </span>
     <span class='ocr_line' id='line_1_73' title="bbox 1111 1691 1824 1736; baseline 0.003 -11"><span class='ocrx_word' id='word_1_365' title='bbox 1111 1696 1293 1734; x_wconf 85' lang='lat' dir='ltr'>operatur</span> <span class='ocrx_word' id='word_1_366' title='bbox 1346 1692 1452 1736; x_wconf 89' lang='lat' dir='ltr'>deus,</span> <span class='ocrx_word' id='word_1_367' title='bbox 1506 1691 1606 1727; x_wconf 89' lang='lat' dir='ltr'>idem</span> <span class='ocrx_word' id='word_1_368' title='bbox 1660 1692 1824 1735; x_wconf 85' lang='lat' dir='ltr'>dicebat,</span> 
     </span>
     <span class='ocr_line' id='line_1_74' title="bbox 1113 1750 1824 1794; baseline 0.001 -10"><span class='ocrx_word' id='word_1_369' title='bbox 1113 1753 1297 1794; x_wconf 85' lang='lat' dir='ltr'>quantum</span> <span class='ocrx_word' id='word_1_370' title='bbox 1338 1750 1376 1784; x_wconf 93' lang='lat' dir='ltr'>in</span> <span class='ocrx_word' id='word_1_371' title='bbox 1417 1750 1500 1794; x_wconf 88' lang='lat' dir='ltr'>ipso</span> <span class='ocrx_word' id='word_1_372' title='bbox 1540 1754 1609 1794; x_wconf 89' lang='lat' dir='ltr'>est,</span> <span class='ocrx_word' id='word_1_373' title='bbox 1650 1754 1693 1785; x_wconf 85' lang='lat' dir='ltr'>ut</span> <span class='ocrx_word' id='word_1_374' title='bbox 1731 1750 1824 1786; x_wconf 88' lang='lat' dir='ltr'>veli-</span> 
     </span>
     <span class='ocr_line' id='line_1_75' title="bbox 1112 1808 1823 1851; baseline -0.003 -9"><span class='ocrx_word' id='word_1_375' title='bbox 1112 1818 1206 1851; x_wconf 91' lang='lat' dir='ltr'>mus,</span> <span class='ocrx_word' id='word_1_376' title='bbox 1237 1808 1325 1842; x_wconf 92' lang='lat' dir='ltr'>dum</span> <span class='ocrx_word' id='word_1_377' title='bbox 1358 1808 1467 1842; x_wconf 87' lang='lat' dir='ltr'>nobis</span> <span class='ocrx_word' id='word_1_378' title='bbox 1496 1812 1589 1842; x_wconf 88' lang='lat' dir='ltr'>nota</span> <span class='ocrx_word' id='word_1_379' title='bbox 1618 1808 1711 1843; x_wconf 88' lang='lat' dir='ltr'>fiunt</span> <span class='ocrx_word' id='word_1_380' title='bbox 1743 1808 1823 1844; x_wconf 66' lang='lat' dir='ltr'>eius</span> 
     </span>
     <span class='ocr_line' id='line_1_76' title="bbox 1113 1867 1824 1912; baseline 0.003 -11"><span class='ocrx_word' id='word_1_381' title='bbox 1113 1867 1266 1912; x_wconf 89' lang='lat' dir='ltr'>eloquia</span> <span class='ocrx_word' id='word_1_382' title='bbox 1290 1867 1342 1901; x_wconf 92' lang='lat' dir='ltr'>lV</span> <span class='ocrx_word' id='word_1_383' title='bbox 1369 1868 1447 1911; x_wconf 89' lang='lat'>403,</span> <span class='ocrx_word' id='word_1_384' title='bbox 1475 1868 1531 1902; x_wconf 89' lang='lat'>22.</span> <span class='ocrx_word' id='word_1_385' title='bbox 1557 1868 1602 1912; x_wconf 80' lang='lat' dir='ltr'>si,</span> <span class='ocrx_word' id='word_1_386' title='bbox 1628 1872 1670 1902; x_wconf 91' lang='lat' dir='ltr'>ut</span> <span class='ocrx_word' id='word_1_387' title='bbox 1694 1868 1824 1903; x_wconf 84' lang='lat' dir='ltr'>creda-</span> 
     </span>
     <span class='ocr_line' id='line_1_77' title="bbox 1112 1927 1824 1972; baseline 0 -11"><span class='ocrx_word' id='word_1_388' title='bbox 1112 1938 1194 1962; x_wconf 91' lang='lat' dir='ltr'>mus</span> <span class='ocrx_word' id='word_1_389' title='bbox 1226 1932 1262 1963; x_wconf 90' lang='lat' dir='ltr'>et</span> <span class='ocrx_word' id='word_1_390' title='bbox 1293 1927 1495 1972; x_wconf 85' lang='lat' dir='ltr'>evangelio</span> <span class='ocrx_word' id='word_1_391' title='bbox 1526 1928 1824 1969; x_wconf 81' lang='lat' dir='ltr'>consentiamus,</span> 
     </span>
     <span class='ocr_line' id='line_1_78' title="bbox 1115 1987 1823 2031; baseline -0.003 -10"><span class='ocrx_word' id='word_1_392' title='bbox 1115 1998 1189 2022; x_wconf 91' lang='lat' dir='ltr'>non</span> <span class='ocrx_word' id='word_1_393' title='bbox 1227 1992 1284 2022; x_wconf 84' lang='lat' dir='ltr'>est</span> <span class='ocrx_word' id='word_1_394' title='bbox 1321 1987 1462 2023; x_wconf 89' lang='lat' dir='ltr'>donum</span> <span class='ocrx_word' id='word_1_395' title='bbox 1499 1988 1573 2031; x_wconf 92' lang='lat' dir='ltr'>dei,</span> <span class='ocrx_word' id='word_1_396' title='bbox 1611 1988 1677 2022; x_wconf 90' lang='lat' dir='ltr'>sed</span> <span class='ocrx_word' id='word_1_397' title='bbox 1715 1988 1823 2023; x_wconf 64' lang='lat' dir='ltr'>nobis</span> 
     </span>
     <span class='ocr_line' id='line_1_79' title="bbox 1113 2047 1823 2092; baseline -0.001 -10"><span class='ocrx_word' id='word_1_398' title='bbox 1113 2052 1170 2082; x_wconf 87' lang='lat' dir='ltr'>est</span> <span class='ocrx_word' id='word_1_399' title='bbox 1199 2059 1222 2082; x_wconf 86' lang='lat' dir='ltr'>a</span> <span class='ocrx_word' id='word_1_400' title='bbox 1250 2047 1370 2092; x_wconf 88' lang='lat' dir='ltr'>nobis,</span> <span class='ocrx_word' id='word_1_401' title='bbox 1399 2057 1475 2082; x_wconf 89' lang='lat' dir='ltr'>non</span> <span class='ocrx_word' id='word_1_402' title='bbox 1503 2047 1685 2083; x_wconf 87' lang='lat' dir='ltr'>debemus</span> <span class='ocrx_word' id='word_1_403' title='bbox 1714 2057 1823 2082; x_wconf 87' lang='lat' dir='ltr'>orare</span> 
     </span>
     <span class='ocr_line' id='line_1_80' title="bbox 1113 2107 1824 2154; baseline 0 -12"><span class='ocrx_word' id='word_1_404' title='bbox 1113 2117 1182 2152; x_wconf 91' lang='lat' dir='ltr'>pro</span> <span class='ocrx_word' id='word_1_405' title='bbox 1243 2107 1312 2152; x_wconf 87' lang='lat' dir='ltr'>his,</span> <span class='ocrx_word' id='word_1_406' title='bbox 1384 2108 1521 2153; x_wconf 90' lang='lat' dir='ltr'>quibus</span> <span class='ocrx_word' id='word_1_407' title='bbox 1580 2107 1824 2154; x_wconf 84' lang='lat' dir='ltr'>evangelium</span> 
     </span>
     <span class='ocr_line' id='line_1_81' title="bbox 1114 2167 1823 2218; baseline 0 -16"><span class='ocrx_word' id='word_1_408' title='bbox 1114 2168 1393 2212; x_wconf 89' lang='lat' dir='ltr'>praedicamus,</span> <span class='ocrx_word' id='word_1_409' title='bbox 1426 2172 1485 2218; x_wconf 70' lang='lat' dir='ltr'>=ut</span> <span class='ocrx_word' id='word_1_410' title='bbox 1537 2168 1708 2211; x_wconf 83' lang='lat' dir='ltr'>credant,</span> <span class='ocrx_word' id='word_1_411' title='bbox 1757 2167 1823 2202; x_wconf 88' lang='lat' dir='ltr'>sed</span> 
     </span>
     <span class='ocr_line' id='line_1_82' title="bbox 1113 2227 1824 2272; baseline -0.004 -9"><span class='ocrx_word' id='word_1_412' title='bbox 1113 2228 1168 2264; x_wconf 89' lang='lat' dir='ltr'>eis</span> <span class='ocrx_word' id='word_1_413' title='bbox 1197 2231 1345 2263; x_wconf 89' lang='lat' dir='ltr'>tantum</span> <span class='ocrx_word' id='word_1_414' title='bbox 1374 2228 1488 2263; x_wconf 89' lang='lat' dir='ltr'>modo</span> <span class='ocrx_word' id='word_1_415' title='bbox 1519 2227 1743 2272; x_wconf 89' lang='lat' dir='ltr'>praedicare</span> <span class='ocrx_word' id='word_1_416' title='bbox 1774 2227 1824 2261; x_wconf 88' lang='lat' dir='ltr'>IV</span> 
     </span>
     <span class='ocr_line' id='line_1_83' title="bbox 1113 2287 1824 2332; baseline -0.001 -10"><span class='ocrx_word' id='word_1_417' title='bbox 1113 2289 1191 2331; x_wconf 89' lang='lat'>403,</span> <span class='ocrx_word' id='word_1_418' title='bbox 1226 2288 1371 2322; x_wconf 80' lang='lat'>10—17.</span> <span class='ocrx_word' id='word_1_419' title='bbox 1402 2288 1480 2332; x_wconf 91' lang='lat'>404,</span> <span class='ocrx_word' id='word_1_420' title='bbox 1513 2289 1548 2331; x_wconf 80' lang='lat'>43</span> <span class='ocrx_word' id='word_1_421' title='bbox 1581 2288 1627 2328; x_wconf 75' lang='lat' dir='ltr'>ct.</span> <span class='ocrx_word' id='word_1_422' title='bbox 1659 2287 1738 2331; x_wconf 90' lang='lat'>407,</span> <span class='ocrx_word' id='word_1_423' title='bbox 1769 2287 1824 2321; x_wconf 85' lang='lat'>26.</span> 
     </span>
    </p>

    <p class='ocr_par' dir='ltr' id='par_1_14' title="bbox 1114 2347 1825 2813">
     <span class='ocr_line' id='line_1_84' title="bbox 1161 2347 1825 2393; baseline -0.002 -11"><span class='ocrx_word' id='word_1_424' title='bbox 1161 2348 1292 2393; x_wconf 88' lang='lat' dir='ltr'>Neque</span> <span class='ocrx_word' id='word_1_425' title='bbox 1326 2359 1393 2392; x_wconf 88' lang='lat' dir='ltr'>per</span> <span class='ocrx_word' id='word_1_426' title='bbox 1427 2348 1549 2393; x_wconf 86' lang='lat' dir='ltr'>legem</span> <span class='ocrx_word' id='word_1_427' title='bbox 1584 2347 1731 2382; x_wconf 87' lang='lat' dir='ltr'>iustitia</span> <span class='ocrx_word' id='word_1_428' title='bbox 1763 2358 1825 2381; x_wconf 83' lang='lat' dir='ltr'>ne-</span> 
     </span>
     <span class='ocr_line' id='line_1_85' title="bbox 1114 2408 1823 2454; baseline -0.003 -10"><span class='ocrx_word' id='word_1_429' title='bbox 1114 2420 1186 2454; x_wconf 87' lang='lat' dir='ltr'>que</span> <span class='ocrx_word' id='word_1_430' title='bbox 1226 2419 1293 2453; x_wconf 86' lang='lat' dir='ltr'>per</span> <span class='ocrx_word' id='word_1_431' title='bbox 1330 2412 1491 2444; x_wconf 83' lang='lat' dir='ltr'>naturae</span> <span class='ocrx_word' id='word_1_432' title='bbox 1528 2408 1823 2452; x_wconf 86' lang='lat' dir='ltr'>possibilitatem</span> 
     </span>
     <span class='ocr_line' id='line_1_86' title="bbox 1116 2468 1823 2512; baseline -0.003 -8"><span class='ocrx_word' id='word_1_433' title='bbox 1116 2469 1182 2505; x_wconf 91' lang='lat' dir='ltr'>sed</span> <span class='ocrx_word' id='word_1_434' title='bbox 1224 2480 1269 2505; x_wconf 84' lang='lat' dir='ltr'>ex</span> <span class='ocrx_word' id='word_1_435' title='bbox 1312 2469 1387 2504; x_wconf 80' lang='lat' dir='ltr'>fide</span> <span class='ocrx_word' id='word_1_436' title='bbox 1427 2479 1471 2503; x_wconf 88' lang='lat' dir='ltr'>ac</span> <span class='ocrx_word' id='word_1_437' title='bbox 1511 2469 1613 2503; x_wconf 89' lang='lat' dir='ltr'>dono</span> <span class='ocrx_word' id='word_1_438' title='bbox 1654 2468 1715 2503; x_wconf 89' lang='lat' dir='ltr'>dei</span> <span class='ocrx_word' id='word_1_439' title='bbox 1757 2478 1823 2512; x_wconf 90' lang='lat' dir='ltr'>per</span> 
     </span>
     <span class='ocr_line' id='line_1_87' title="bbox 1115 2527 1824 2572; baseline -0.003 -8"><span class='ocrx_word' id='word_1_440' title='bbox 1115 2529 1239 2565; x_wconf 86' lang='lat' dir='ltr'>Iesum</span> <span class='ocrx_word' id='word_1_441' title='bbox 1267 2529 1460 2564; x_wconf 81' lang='lat' dir='ltr'>Christum</span> <span class='ocrx_word' id='word_1_442' title='bbox 1488 2528 1542 2562; x_wconf 91' lang='lat'>111</span> <span class='ocrx_word' id='word_1_443' title='bbox 1571 2529 1649 2572; x_wconf 85' lang='lat'>679,</span> <span class='ocrx_word' id='word_1_444' title='bbox 1679 2528 1732 2563; x_wconf 90' lang='lat'>16.</span> <span class='ocrx_word' id='word_1_445' title='bbox 1760 2527 1824 2572; x_wconf 89' lang='lat' dir='ltr'>qui</span> 
     </span>
     <span class='ocr_line' id='line_1_88' title="bbox 1114 2587 1825 2633; baseline -0.006 -9"><span class='ocrx_word' id='word_1_446' title='bbox 1114 2590 1255 2625; x_wconf 75' lang='lat' dir='ltr'>liabent</span> <span class='ocrx_word' id='word_1_447' title='bbox 1290 2589 1414 2633; x_wconf 86' lang='lat' dir='ltr'>fidem,</span> <span class='ocrx_word' id='word_1_448' title='bbox 1449 2589 1656 2632; x_wconf 88' lang='lat' dir='ltr'>impetrant</span> <span class='ocrx_word' id='word_1_449' title='bbox 1692 2587 1825 2622; x_wconf 85' lang='lat' dir='ltr'>iustifi-</span> 
     </span>
     <span class='ocr_line' id='line_1_89' title="bbox 1115 2647 1823 2693; baseline -0.006 -9"><span class='ocrx_word' id='word_1_450' title='bbox 1115 2650 1305 2684; x_wconf 80' lang='lat' dir='ltr'>cationem</span> <span class='ocrx_word' id='word_1_451' title='bbox 1343 2649 1395 2683; x_wconf 92' lang='lat' dir='ltr'>IV</span> <span class='ocrx_word' id='word_1_452' title='bbox 1431 2649 1486 2693; x_wconf 86' lang='lat'>50,</span> <span class='ocrx_word' id='word_1_453' title='bbox 1522 2648 1579 2691; x_wconf 75' lang='lat'>213</span> <span class='ocrx_word' id='word_1_454' title='bbox 1617 2648 1663 2689; x_wconf 67' lang='lat' dir='ltr'>cf.</span> <span class='ocrx_word' id='word_1_455' title='bbox 1701 2647 1756 2691; x_wconf 88' lang='lat'>53,</span> <span class='ocrx_word' id='word_1_456' title='bbox 1791 2647 1823 2680; x_wconf 88' lang='lat'>4.</span> 
     </span>
     <span class='ocr_line' id='line_1_90' title="bbox 1117 2706 1823 2753; baseline 0 -10"><span class='ocrx_word' id='word_1_457' title='bbox 1117 2710 1201 2753; x_wconf 82' lang='lat' dir='ltr'>ipsa</span> <span class='ocrx_word' id='word_1_458' title='bbox 1223 2714 1282 2744; x_wconf 86' lang='lat' dir='ltr'>est</span> <span class='ocrx_word' id='word_1_459' title='bbox 1305 2709 1405 2743; x_wconf 86' lang='lat' dir='ltr'>enim</span> <span class='ocrx_word' id='word_1_460' title='bbox 1430 2707 1578 2743; x_wconf 89' lang='lat' dir='ltr'>iustitia</span> <span class='ocrx_word' id='word_1_461' title='bbox 1600 2718 1647 2742; x_wconf 89' lang='lat' dir='ltr'>ex</span> <span class='ocrx_word' id='word_1_462' title='bbox 1672 2706 1745 2742; x_wconf 86' lang='lat' dir='ltr'>fide</span> <span class='ocrx_word' id='word_1_463' title='bbox 1768 2706 1823 2743; x_wconf 81' lang='lat'>51.</span> 
     </span>
     <span class='ocr_line' id='line_1_91' title="bbox 1118 2765 1821 2813; baseline -0.006 -10"><span class='ocrx_word' id='word_1_464' title='bbox 1118 2770 1170 2803; x_wconf 85' lang='grc'>12.</span> <span class='ocrx_word' id='word_1_465' title='bbox 1196 2769 1251 2813; x_wconf 86' lang='grc'>52,</span> <span class='ocrx_word' id='word_1_466' title='bbox 1280 2770 1307 2803; x_wconf 88' lang='grc'>1.</span> <span class='ocrx_word' id='word_1_467' title='bbox 1332 2769 1362 2802; x_wconf 86' lang='grc'>5.</span> <span class='ocrx_word' id='word_1_468' title='bbox 1387 2779 1410 2803; x_wconf 89' lang='lat' dir='ltr'>a</span> <span class='ocrx_word' id='word_1_469' title='bbox 1434 2768 1506 2803; x_wconf 89' lang='lat' dir='ltr'>fide</span> <span class='ocrx_word' id='word_1_470' title='bbox 1529 2767 1652 2802; x_wconf 89' lang='lat' dir='ltr'>omnis</span> <span class='ocrx_word' id='word_1_471' title='bbox 1677 2765 1821 2801; x_wconf 85' lang='lat' dir='ltr'>iustitia</span> 
     </span>
    </p>
   </div>
  </div>
 </body>
</html>
