2078 3054
302 145 476 179 LXXXII
939 142 1180 178 Praefatio.

299 261 412 315 (⁸175.
460 259 552 302 181.
598 261 691 301 176.
739 260 831 301 182.
878 261 970 301 177.
1025 260 1115 301 153.
1169 260 1279 314 184),
1328 273 1380 302 ex
1422 273 1630 303 canonum
1676 256 1833 314 aliquo'

299 323 441 367 codice
495 324 762 379 depromptas
816 338 908 367 esse
959 323 1233 366 manifestum
1287 330 1351 366 est
1397 324 1467 379 (cf.
1507 338 1546 379 p.
1589 324 1690 367 LXI
1722 325 1816 380 sq).

299 402 407 441 quae
449 389 630 441 denique
670 393 830 430 restant
872 388 1077 443 epistulae
1119 401 1214 432 cum
1256 388 1298 429 in
1339 388 1433 430 aliis
1470 388 1588 430 libris
1623 402 1722 431 mss.
1754 389 1815 431 in-

298 453 526 494 veniuntur
566 458 654 493 tum
696 451 737 492 in
775 452 967 494 Parisino
1007 465 1102 493 nov,
1136 465 1227 505 aeq.
1267 452 1387 504 1444,
1431 452 1621 494 Parisino
1664 452 1818 505 12163,

300 515 423 567 2035,
467 515 707 558 Coloniensi
746 515 812 568 80,
856 514 1130 557 Laudunensi
1167 515 1259 567 129,
1301 515 1502 557 Trecersi
1534 516 1602 557 40.
1645 516 1705 558 sic
1736 517 1818 558 eol-

296 579 442 631 lectae,
489 579 550 621 sic
592 578 823 634 dispositae
864 579 1070 634 epistulae
1112 579 1153 619 in
1197 578 1466 621 editionibus
1516 593 1623 632 quae
1670 593 1819 633 seque—

298 644 461 695 bantur,
504 647 751 685 manserunt
781 643 852 695 ita,
895 647 939 685 ut
972 655 1171 685 numerus
1202 643 1405 697 paulatim
1438 648 1677 697 augeretur,
1718 643 1819 686 ordo

298 712 629 757 conservaretur,
672 706 770 748 dum
804 706 985 748 Maurini
1026 720 1119 748 eum
1167 706 1447 749 dissolverent
1488 712 1529 748 et
1569 711 1818 762 temporum,

298 770 450 824 quibus
492 770 699 825 epistulae
741 770 921 825 scriptae
964 765 1117 823 essent,
1160 770 1322 812 ratione
1363 770 1510 813 habita
1550 771 1678 813 alium
1721 785 1817 813 con-

298 834 529 876 stituerent.

355 962 452 1003 Post
484 961 712 1004 editionem
745 962 977 1016 principem
1010 962 1188 1016 primum
1220 961 1437 1004 laudanda
1473 966 1550 1014 est,
1591 975 1717 1016 quam
1750 975 1819 1003 cu-

297 1025 407 1066 ravit
438 1021 671 1068 Erasmus
702 1025 1052 1067 Roterdamus:
1095 1026 1310 1068 Secundus
1353 1030 1484 1068 tomus
1524 1040 1693 1078 operum
1734 1025 1821 1067 divi

298 1089 465 1131 Aurelii
495 1090 725 1144 Auyustim'
756 1091 937 1142 episcopi
968 1089 1256 1143 Hipponensis
1286 1089 1556 1143 complectens
1587 1089 1703 1132 illius
1733 1091 1819 1143 epi-

297 1154 429 1196 stulas
460 1168 541 1196 non
572 1154 768 1196 mediocri
799 1168 901 1196 cura
931 1154 1176 1196 emendatas
1201 1168 1279 1207 per
1299 1154 1400 1196 Des.
1423 1154 1653 1196 Erasmum
1673 1153 1818 1195 Boter-

298 1217 479 1259 damum.
513 1217 717 1260 Basileae
749 1218 864 1271 apud
890 1217 953 1259 Io.
976 1218 1233 1260 Frobem‘um
1256 1217 1592 1260 MDXXVHI.
1626 1217 1696 1271 qui
1729 1217 1819 1271 qui-

298 1280 393 1322 dem
439 1281 490 1323 de
537 1282 811 1336 epistularum
858 1281 1132 1336 dispositione
1179 1295 1394 1336 perpauca
1440 1281 1636 1335 mutavit3
1683 1281 1821 1323 omisit

298 1344 408 1386 enim
441 1345 664 1400 epistulam
698 1344 764 1387 ‘de
796 1345 1053 1387 salutaribus
1084 1345 1378 1397 documentis‘,
1411 1344 1522 1398 quod
1554 1344 1731 1387 haberet
1761 1345 1821 1385 in-

297 1407 462 1450 doctam
495 1409 790 1463 loquacitatem
823 1413 864 1451 et
885 1410 1054 1452 omnino
1077 1409 1182 1451 nihil
1205 1409 1520 1466 Augustini,lin
1543 1409 1662 1451 cuius
1683 1409 1821 1450 locum

299 1473 523 1527 epistulam
560 1473 639 1514 148
678 1473 917 1527 collocavit3
961 1474 1101 1516 omisit
1139 1478 1184 1515 ut
1220 1472 1482 1516 adulterinas
1512 1472 1736 1528 epistulam
1767 1471 1822 1513 ad

298 1536 614 1579 Demetriadem
646 1541 686 1579 et
718 1537 940 1592 epistulam
972 1537 1026 1579 ad
1057 1537 1262 1590 Italicam,
1283 1551 1407 1591 ·quae
1439 1551 1493 1579 ex
1525 1537 1707 1592 epistula
1742 1536 1819 1576 147

297 1599 498 1655 decerpta
529 1601 755 1655 Augustini
798 1614 890 1642 esse
930 1601 1137 1655 nequiret,
1181 1607 1222 1643 et
1263 1615 1367 1655 quas
1398 1600 1706 1643 Amerbachius
1747 1613 1820 1641 ex-

297 1668 455 1706 tremas
491 1664 643 1719 posuit,
686 1665 913 1718 Augustini
951 1665 1005 1706 ad
1038 1665 1244 1720 Cyrillum
1283 1671 1322 1707 et
1355 1665 1501 1719 Cyrilli
1531 1664 1586 1706 ad
1620 1662 1819 1718 Augusti—

297 1741 411 1769 num.
454 1727 638 1770 sedecim
670 1728 763 1770 illas
794 1729 1001 1771 litterulas
1032 1729 1262 1783 Augustini
1293 1728 1348 1770 ad
1379 1728 1638 1771 Bonifatium
1671 1732 1712 1769 et
1744 1727 1821 1769 Bo-

297 1790 419 1833 nifati
455 1791 510 1833 ad
542 1793 826 1847 Augustinum
863 1793 906 1834 in
945 1792 1208 1848 praefatione
1246 1792 1415 1846 quidem
1448 1791 1693 1847 simpliciter
1725 1804 1820 1832 con-

297 1854 418 1897 fictas
449 1861 572 1898 vocat
604 1869 741 1910 neque
772 1862 911 1898 tamen
945 1857 1034 1899 loco
1066 1858 1209 1900 movit.
1245 1857 1426 1912 epistula
1459 1856 1541 1897 174
1571 1868 1672 1898 casu
1694 1855 1819 1897 inter·

299 1918 452 1961 cidisse
484 1919 663 1972 videtur,
698 1934 796 1962 nam
824 1920 1010 1962 indicata
1031 1920 1200 1974 quidem
1224 1926 1287 1963 est
1308 1921 1349 1961 in
1372 1920 1526 1971 indice,
1556 1920 1609 1961 ab
1632 1918 1823 1973 epistulis

299 1988 439 2023 autem
472 1984 594 2024 abest
625 1984 752 2045 idque
776 1998 824 2025 eo
846 1984 1004 2026 factum
1027 1998 1120 2026 esse
1143 1984 1409 2035 crediderim,
1442 1982 1552 2037 quod
1574 1983 1616 2024 in
1639 1983 1823 2024 editione

299 2046 488 2101 principe
520 2046 624 2088 haec
655 2048 836 2103 epistula
865 2053 994 2102 atque
1026 2049 1216 2103 superior
1248 2062 1321 2103 per
1353 2061 1533 2090 errorem
1564 2045 1711 2089 eodem
1746 2059 1821 2087 nu-

299 2122 412 2151 mero
445 2110 528 2150 204
559 2116 657 2152 sunt
688 2105 870 2154 notatae.
905 2111 956 2154 de
978 2112 1095 2155 libris
1117 2126 1216 2154 mss.
1240 2112 1438 2154 Erasmus
1459 2111 1672 2154 silentium
1693 2114 1822 2164 tenet,

299 2173 492 2219 adfirmat
523 2180 664 2216 autem
697 2176 770 2217 vix
804 2189 1059 2229 quemquam
1091 2175 1362 2227 crediturum,
1402 2181 1606 2228 quantum
1638 2174 1721 2216 sibi
1752 2187 1820 2216 su-

300 2237 411 2279 doris
447 2237 701 2280 exhaustum
739 2246 852 2282 esset
882 2239 924 2281 in
956 2239 1154 2282 tollendis
1186 2239 1350 2281 mendis
1381 2252 1431 2280 ac
1462 2237 1709 2293 reponenda
1739 2250 1822 2279 ser-

300 2302 435 2344 monis
476 2303 772 2344 confusissima
812 2302 1096 2345 distinctione.
1140 2302 1253 2357 quod
1290 2316 1417 2356 quam
1448 2301 1592 2356 magni
1623 2300 1824 2343 momenti

300 2365 439 2418 fuerit,
472 2379 556 2407 non
588 2371 666 2419 est,
699 2380 772 2408 cur
803 2366 1119 2421 praedicatione
1151 2367 1391 2419 efferamus,
1425 2380 1520 2408 nam
1553 2378 1604 2407 ea
1634 2369 1724 2407 erat
1754 2365 1824 2407 ille

302 2429 365 2470 vir
396 2428 664 2472 doctissimus
694 2430 869 2486 linguae
901 2430 1078 2473 Latinae
1110 2434 1152 2473 et
1181 2430 1415 2472 litterarum
1447 2429 1635 2471 scientia.

359 2554 653 2612 Quadraginta
691 2558 816 2600 annis
853 2563 947 2613 post
984 2558 1038 2613 (a.
1065 2558 1195 2613 1569)
1234 2571 1288 2600 ex
1326 2556 1473 2599 eadem
1504 2555 1675 2598 officina
1705 2555 1821 2597 Fro-

302 2621 520 2662 beniana
551 2621 714 2664 Erasmi
751 2622 857 2664 liber
893 2622 1076 2664 iterum
1114 2622 1294 2664 emissus
1325 2625 1389 2663 est
1419 2620 1565 2675 paucis
1596 2619 1824 2675 parvisque

302 2685 429 2726 rebus
459 2685 645 2739 mutatis,
679 2699 732 2727 ex
764 2686 918 2739 quibus
950 2686 992 2727 id
1024 2699 1155 2727 unum
1186 2685 1335 2735 refero,
1368 2683 1479 2737 quod
1510 2697 1585 2739 pro
1615 2684 1659 2725 hi
1690 2686 1731 2724 et
1760 2683 1824 2725 his

303 2749 587 2802 subsequente
624 2750 870 2804 pronomine
907 2750 1083 2792 relativo
1119 2749 1235 2791 nulla
1267 2748 1455 2790 codicum
1486 2747 1649 2790 ratione
1679 2746 1826 2789 habita

305 2812 551 2868 plerumque
593 2813 856 2856 scribebatur
896 2815 929 2856 ii
970 2819 1011 2855 et
1051 2814 1104 2855 iis
1146 2812 1381 2866 eademque
1422 2811 1628 2866 scriptura
1667 2810 1709 2852 in
1742 2809 1825 2852 edi-
