2078 3054
887 137 1030 173 Index
1055 136 1099 173 V.

264 257 333 291 bus
370 254 548 300 gentibus
586 264 698 299 quam
737 262 824 298 pars
863 251 978 286 Maxi-

265 313 380 349 miani
413 314 636 357 comparata
667 309 766 356 parti
798 309 978 345 Primiani

265 371 298 405 II
344 371 421 414 108,
468 370 521 404 15.
567 369 779 404 Primianus
825 367 978 402 damna-

265 432 367 462 tores
419 437 508 462 suos
559 430 595 461 et
646 425 844 461 damnavit
893 435 977 459 cum

265 485 402 520 ceteris
435 488 472 519 et
503 484 705 519 damnatos
736 493 780 518 ac
813 483 978 518 detesta-

265 546 324 577 tos
355 543 392 576 in
422 552 490 576 suo
522 552 650 576 rursus
680 541 823 576 honore
852 549 978 575 susce-

265 600 319 644 pit
353 603 389 634 et
421 599 664 643 baptismum,
696 608 807 643 quem
839 597 978 632 mortui

265 657 461 700 dederant,
509 657 670 701 agnovit
718 655 771 690 III
818 655 897 698 646,
945 655 977 689 4.

267 712 495 749 Felicianum
524 718 560 748 et
587 714 874 748 praetextatum
902 722 979 746 non

265 782 362 806 unus
400 770 613 806 Primianus
653 770 720 806 sed
756 769 864 804 multi
903 769 978 813 epi-

265 830 371 873 scopi
434 828 661 863 Donatistae
725 831 813 872 post
876 827 978 862 dam-

265 887 458 921 nationem
498 886 536 920 in
574 885 780 921 honoribus
820 884 978 929 integris

265 947 517 988 susceperunt
567 943 600 977 II
650 943 729 987 616,
780 942 834 977 17.
884 941 979 976 Feli-

264 1002 396 1036 cianus
443 1001 481 1035 in
527 1000 714 1045 sacrilego
761 999 979 1034 Maximiani

265 1059 470 1094 schismate
509 1059 648 1094 multos
687 1069 753 1103 per
793 1068 881 1092 suas
921 1067 979 1092 ec-

264 1116 401 1151 clesias
457 1116 668 1161 baptizavit
725 1115 837 1152 modo
894 1125 979 1150 cum

266 1174 454 1209 Primiano
470 1174 758 1209 Donatistarum
774 1173 977 1217 episcopus

266 1232 295 1265 ll
337 1232 416 1276 611,
457 1232 490 1275 23
532 1231 642 1266 simul
683 1231 780 1266 enim
821 1230 978 1265 Donati-

264 1293 406 1324 starum
449 1290 651 1333 episcopus
693 1287 853 1323 sedebat
893 1297 978 1323 cum

265 1347 454 1382 Primiano
483 1357 507 1381 a
534 1357 573 1381 se
601 1346 782 1381 damnato
811 1348 848 1380 et
875 1345 977 1380 dam-

264 1408 397 1438 natore
430 1414 497 1438 suo
529 1404 561 1437 ll
590 1404 669 1447 613,
698 1404 734 1446 57.
765 1404 810 1444 cf.
842 1403 892 1437 111
922 1404 977 1447 38,

262 1462 296 1495 3.
318 1461 489 1505 episcopi
509 1461 736 1496 Donatistae
756 1471 832 1495 non
855 1461 975 1495 solum

262 1518 504 1563 baptismum,
542 1529 653 1563 quem
690 1518 902 1553 Primianus
940 1518 978 1552 in

265 1587 333 1611 sua
353 1576 619 1611 communione
642 1577 709 1611 sed
730 1576 843 1611 etiarn
865 1586 976 1621 quem

263 1634 368 1669 dedit
414 1634 628 1669 Felicianus
677 1634 713 1668 in
761 1633 977 1669 Maximiani

265 1692 451 1737 sacrilego
468 1692 685 1735 schismate,
701 1696 874 1726 sanctum
891 1701 975 1726 esse

264 1753 466 1784 senserunt
495 1750 528 1783 II
558 1750 637 1792 614,
667 1749 721 1784 25.
751 1748 976 1792 Macrobius,

263 1807 353 1851 quid
387 1807 433 1842 de
469 1807 572 1841 facto
607 1806 786 1841 Primiani
821 1806 976 1850 diceret,

265 1864 521 1908 interrogatus
549 1865 643 1899 dixit
670 1875 709 1899 se
735 1874 854 1908 nuper
879 1864 976 1899 ordi-

265 1925 394 1955 natum
434 1922 551 1965 patris
592 1922 650 1956 sui
690 1922 852 1956 iudicem
892 1931 975 1956 esse

265 1989 340 2013 non
364 1989 475 2022 posse
498 1979 532 2013 Il
553 1979 631 2025 611,
654 1979 708 2013 23.
730 1989 852 2023 neque
877 1979 974 2013 enim

263 2035 428 2070 audebat
469 2036 635 2071 iudicare
674 2036 904 2070 Primianum
942 2035 975 2069 II

263 2094 342 2135 614,
365 2093 395 2127 2.
416 2093 495 2136 615,
516 2094 548 2128 5.
573 2094 626 2127 15.
649 2104 877 2138 quamquam
899 2103 974 2127 non

263 2151 365 2195 quod
410 2151 506 2186 male
552 2151 706 2186 fecisset
751 2151 975 2194 Primianus,

263 2208 494 2243 Macrobium
527 2209 570 2242 A.
601 2208 724 2243 voluit
755 2218 975 2251 memorare,

267 2265 332 2300 sed
350 2265 450 2310 quod
466 2265 608 2309 optime
624 2265 781 2300 fecisset
794 2266 826 2299 Il
842 2266 922 2309 615,
933 2266 970 2299 7.

217 2326 244 2360 P
259 2338 275 2360 r
290 2327 302 2361 i
316 2337 349 2360 m
366 2338 388 2361 u
404 2337 432 2370 s,
465 2326 721 2362 subdiaconus
756 2326 975 2371 Spaniensis

264 2384 461 2427 ecclesiae,
498 2384 547 2419 ob
583 2384 775 2419 libidinem
813 2394 834 2418 a
870 2384 975 2419 cleri-

264 2444 352 2475 catu
377 2444 543 2477 remotus
568 2446 626 2476 est
650 2445 686 2476 et
711 2441 888 2477 inritatus
911 2441 975 2476 ad-

264 2508 398 2533 versus
434 2498 672 2543 disciplinam
708 2509 792 2534 cum
828 2498 975 2533 duabus

265 2555 618 2591 sanctimonialibus
644 2556 838 2591 transtulit
863 2566 905 2591 se
927 2555 976 2591 ad

265 2613 499 2658 Donatistas,
530 2613 593 2649 ubi
622 2624 752 2650 omnes
782 2618 858 2649 tres
887 2616 976 2648 sunt

264 2670 504 2715 rebaptizati,
527 2671 663 2706 deinde
687 2681 771 2706 cum
794 2670 974 2717 gregibus

263 2727 618 2764 Circumcellionum
652 2729 748 2763 inter
781 2728 975 2773 vagabun-

263 2785 332 2819 dos
365 2796 501 2830 greges
537 2786 761 2821 feminarum
797 2786 832 2820 in
868 2786 972 2820 vino-

1684 123 1763 165 301

1059 251 1197 286 lentiae
1235 249 1549 285 bacchationibus
1586 249 1770 295 superbus

1060 307 1258 343 exultabat
1284 308 1317 342 II
1347 308 1401 352 28,
1431 309 1484 343 16.

1014 365 1293 410 principalis
1321 365 1504 401 Cirtensis
1533 366 1584 400 III
1612 366 1688 409 154,
1717 366 1769 400 10.

1013 423 1040 457 P
1056 424 1129 458 ris
1145 434 1162 458 c
1180 423 1278 458 illa
1317 434 1350 457 r.
1388 423 1667 468 cataphrygae.

1011 483 1497 519 Priscillianistae
1535 483 1771 518 Manichaeo-

1061 551 1141 575 rum
1170 541 1346 576 simillimi
1377 541 1407 574 11
1435 541 1491 585 57,
1520 542 1549 575 1.
1578 551 1654 575 non
1681 540 1770 575 mul<

1059 603 1137 633 tum
1198 608 1221 632 a
1278 598 1509 633 Manicha-eis
1568 598 1770 633 dissimiles

1062 655 1317 700 blasphemias
1334 655 1606 690 fabulabantur
1621 656 1766 691 111556.

1062 714 1114 748 10.
1141 723 1187 748 ea
1213 713 1306 758 ipsa,
1333 723 1430 757 quae
1457 713 1700 758 exponebant
1724 712 1771 747 ab

1063 781 1154 805 suae
1197 775 1324 805 sectae
1369 770 1582 806 hominibus
1625 771 1768 806 alienis.

1059 838 1151 862 vera
1193 838 1277 863 esse
1318 838 1394 863 non
1437 828 1656 871 credebant,
1700 828 1771 872 ipsi

1061 886 1158 920 enim
1198 885 1285 920 alia'
1312 896 1396 920 cum
1438 885 1516 920 suis
1557 885 1771 920 sentiebant

1059 947 1174 987 atque
1210 943 1306 977 inter
1342 952 1431 977 suos
1467 942 1658 977 docebant
1691 942 1771 977 sive

1059 1000 1269 1044 discebant,
1316 1010 1412 1045 quae
1459 1010 1535 1034 non
1580 999 1772 1034 audebant

1061 1059 1232 1102 prodere,
1257 1058 1368 1093 fidem
1392 1061 1519 1093 autem
1544 1057 1771 1092 catholicam

1054 1116 1126 1159 eis,
1149 1126 1244 1160 quos
1268 1115 1464 1160 timebant,
1488 1114 1772 1160 praedicabant,

1061 1184 1137 1207 non
1161 1184 1273 1218 quam
1300 1177 1484 1217 tenerent,
1510 1173 1575 1207 sed
1604 1173 1672 1207 sub
1698 1182 1773 1217 qua

1061 1231 1222 1266 laterent
1238 1231 1288 1265 IV
1304 1231 1384 1274 527,
1400 1231 1457 1273 163
1473 1232 1519 1271 cf.
1534 1231 1613 1274 530,
1628 1230 1770 1271 25.532,

1058 1289 1089 1322 2.
1107 1289 1160 1323 11.
1176 1292 1421 1334 praeceptum
1444 1288 1581 1323 habere
1603 1287 1771 1332 perhibe-

1059 1345 1210 1381 bantur:
1246 1346 1354 1389 ‘lura.,
1388 1346 1550 1390 periura,
1584 1349 1771 1380 secretum

1059 1404 1221 1447 prodere
1257 1403 1344 1438 noli‘
1379 1403 1430 1437 IV
1462 1403 1539 1447 527.
1575 1403 1629 1437 27.
1663 1407 1768 1446 pote-

1059 1466 1145 1496 rant
1199 1461 1317 1506 aliqui
1372 1461 1554 1496 haeretici
1610 1460 1768 1505 reperiri

1059 1520 1223 1555 fortasse
1266 1519 1539 1563 inmundiores,
1581 1519 1648 1554 sed
1689 1518 1768 1553 nul-

1059 1578 1117 1612 lus
1154 1578 1239 1612 istis
1274 1577 1429 1612 fallacia
1465 1577 1679 1621 comparari
1718 1576 1767 1610 IV

1057 1636 1135 1680 527,
1169 1636 1224 1670 24.
1256 1635 1572 1670 Priscillianistae
1607 1634 1769 1679 accipie-

1058 1694 1150 1728 bant
1177 1693 1308 1728 omnia
1333 1697 1370 1728 et
1401 1693 1588 1727 canonica
1613 1697 1650 1727 et
1678 1702 1768 1736 apo-

1058 1751 1203 1795 crypha
1239 1751 1365 1795 simul;
1403 1751 1470 1786 sed
1506 1760 1767 1796 quaecumque

1059 1812 1193 1844 contra
1217 1819 1282 1844 eos
1306 1812 1427 1853 erant,
1453 1809 1490 1843 in
1518 1819 1606 1843 suos
1633 1818 1767 1843 sensus

1057 1867 1299 1910 expositione
1373 1867 1645 1910 pervertebant
1716 1866 1766 1899 IV

1057 1925 1135 1969 527,
1175 1925 1227 1959 13.
1267 1925 1480 1968 scripturae
1519 1924 1766 1969 apocryphae

1058 1992 1132 2016 non
1168 1982 1347 2025 propriae
1387 1982 1765 2016 Priscillianistarum

1057 2044 1178 2084 erant,
1209 2040 1274 2074 sed
1306 2039 1371 2073 alii
1402 2049 1551 2084 quoque
1584 2038 1766 2073 haeretici

1057 2097 1109 2131 eis
1145 2096 1349 2131 utebantur
1384 2097 1433 2130 IV
1467 2096 1547 2139 526,
1585 2097 1636 2130 16.
1671 2095 1767 2129 Pris-

1057 2154 1282 2188 cillianistae
1325 2164 1400 2188 non
1441 2154 1511 2188 hoc
1555 2152 1770 2188 sentiebant

1055 2211 1101 2245 de
1145 2211 1341 2255 scripturis
1383 2211 1624 2256 apocryphis,
1667 2210 1768 2254 quod

1057 2279 1096 2304 se
1126 2278 1318 2312 exponere
1346 2269 1577 2304 simulabant
1609 2268 1659 2302 IV
1686 2267 1765 2311 528,

1055 2327 1086 2361 4.
1133 2326 1276 2361 eisdem
1325 2326 1525 2370 scripturis
1571 2330 1764 2371 tamquam

1056 2383 1223 2418 divinam
1284 2383 1503 2418 tribuebant
1563 2383 1767 2418 auctorita-

1057 2445 1130 2475 tem
1169 2446 1282 2486 atque
1318 2441 1434 2476 etiam
1470 2441 1666 2475 canonicis
1701 2449 1766 2475 eas

1057 2498 1326 2541 praeferebant
1369 2498 1421 2533 IV
1464 2498 1541 2541 528,
1585 2498 1616 2532 6.
1660 2497 1765 2542 hym-

1057 2568 1157 2600 num,
1194 2567 1305 2602 quem
1341 2556 1521 2591 dicebant
1560 2566 1643 2591 esse
1679 2555 1765 2591 Iesu

1056 2613 1197 2649 Christi
1232 2618 1270 2649 et
1306 2613 1344 2648 in
1381 2613 1582 2657 scripturis
1618 2612 1766 2648 solebat

1055 2671 1284 2716 apocryphis
1343 2670 1506 2706 inveniri
1565 2670 1631 2714 (IV
1687 2670 1766 2713 526,

1058 2730 1128 2774 14),
1189 2739 1265 2774 qua
1314 2729 1463 2764 ratione
1514 2727 1765 2772 exposuerint

1056 2786 1106 2820 lV
1137 2786 1216 2831 528,
1246 2786 1396 2830 9—532,
1426 2787 1458 2820 4.
1489 2785 1611 2829 ipsum
1644 2785 1762 2820 domi-
