2078 3054
835 147 975 184 Index
1000 145 1076 182 111.
1649 129 1705 170 45

204 276 319 318 atque
346 270 390 316 is,
416 270 480 315 qui
508 268 547 304 in
574 265 740 311 epistula
768 265 835 301 139
861 269 900 300 et
930 264 995 298 149
1021 262 1207 298 diaconus
1237 259 1497 305 appellatur.¹)
1541 258 1706 302 epistula

204 334 330 364 autem
362 328 428 363 149
459 336 544 361 cum
577 326 673 360 inter
705 334 738 358 a.
770 322 953 364 414—416
984 321 1129 364 scripta
1162 319 1221 363 sit,
1255 318 1426 363 sequitur
1460 317 1705 361 Peregrinum

206 391 291 430 post
328 396 363 420 a.
402 385 468 419 414
508 383 731 427 episcopum
769 380 911 415 factum
949 389 1033 414 esse
1072 388 1193 422 neque
1232 381 1321 411 ante
1360 376 1471 410 datas
1509 385 1592 410 esse
1630 373 1708 416 epi-

205 443 325 478 stulas
358 443 424 477 175l
456 446 494 477 et
526 441 606 482 1713
638 442 781 484 quanto
813 442 939 473 autem
974 441 1071 479 post,
1104 436 1290 470 incertum
1321 438 1391 468 est.
1434 433 1598 476 denique
1631 431 1708 475 epi-

206 499 343 538 stulam
384 499 509 542 rsiA,
547 497 655 532 cuius
694 496 948 540 fragmentum
988 494 1026 528 in
1065 492 1227 527 Primasi
1269 489 1553 525 commentariis
1595 498 1708 532 super

207 543 476 601 Apocalyffi'im
510 559 701 589 servatum
733 556 801 594 est,
832 552 878 586 ad
909 551 1069 585 eundem
1100 546 1302 584 Maximum
1334 548 1451 582 fuisse
1481 547 1633 582 missam
1665 557 1710 581 ex

208 619 345 653 iterata
364 622 404 652 et
427 616 626 659 inopinata
646 613 831 649 trinitatis
854 610 1214 647 commemoratione
1228 609 1256 653 ²)
1284 613 1343 644 est.
1363 608 1465 653 quod
1479 607 1708 642 concludas:

206 675 390 718 temporis
426 678 547 708 autem
577 671 782 715 vestigium
811 670 953 704 frustra
982 667 1203 713 quaesieris.

319 741 559 785 ‘Epistulam
590 741 656 775 172
685 739 940 784 Hieronymus
968 739 1014 773 ad
1047 738 1301 782 Augustinum
1331 738 1434 772 misit
1466 737 1580 781 paulo
1613 741 1710 780 post,

207 810 320 844 quam
347 798 540 843 dialogum
570 798 756 833 adversus
783 795 1012 841 Pelagianos
1039 800 1320 840 composuerat,
1350 805 1471 839 nuper
1498 795 1596 831 enim
1626 805 1709 829 eum

208 855 247 891 se
279 856 445 891 edidisse
479 855 516 890 in
549 855 714 900 epistula
746 854 882 897 dicit&
931 854 1056 887 editus
1091 858 1148 888 est
1180 858 1306 887 autem
1341 853 1402 887 ille
1434 852 1610 897 dialogus
1643 852 1711 885 sub

209 918 418 948 extremum
447 922 586 948 annum
615 913 693 946 415.

350 980 561 1025 Epistulam
596 981 662 1016 173
697 980 934 1025 Augustinus
968 980 1016 1015 ad
1053 979 1256 1023 Donatum,
1294 980 1557 1024 presbyterum
1593 980 1712 1023 partis

210 1037 361 1082 Donati,
387 1038 492 1073 dedit
520 1038 566 1073 de
593 1038 764 1073 violenta
790 1038 937 1073 ratione
964 1048 1047 1073 cum
1077 1048 1122 1073 eo
1149 1037 1352 1081 disserens,
1380 1048 1455 1082 qua
1483 1037 1543 1072 ille
1571 1038 1617 1072 ab
1645 1047 1712 1072 sua

212 1105 251 1130 se
285 1099 393 1140 parte
425 1096 472 1130 ad
507 1095 731 1130 catholicam
767 1096 965 1130 ecclesiam
1001 1096 1097 1130 trahi
1131 1099 1288 1140 questus
1323 1098 1391 1129 est.
1427 1095 1527 1139 quod
1563 1094 1713 1139 quando

210 1151 352 1187 factum
381 1152 440 1196 sit,
472 1153 502 1188 si
529 1152 693 1197 quaeris,
723 1152 863 1188 factum
893 1163 976 1188 esse
1006 1153 1178 1189 invenies
1208 1158 1294 1197 post
1323 1153 1577 1187 conlationem
1612 1152 1712 1187 illam

211 1212 484 1247 catholicorum
513 1221 597 1246 cum
625 1210 838 1245 Donatistis
867 1211 991 1246 medio
1021 1221 1120 1245 anno
1150 1211 1214 1245 411
1246 1210 1425 1253 habitam,
1458 1210 1597 1254 quippe
1630 1220 1711 1244 cum

210 1272 257 1304 de
279 1281 326 1304 ea
344 1274 482 1314 agatur
503 1269 629 1311 capite
651 1269 682 1302 7.
717 1279 792 1313 qua
812 1268 1028 1303 conlatione
1054 1279 1138 1303 cum
1160 1267 1387 1302 Donatistae
1409 1273 1535 1302 essent
1559 1267 1713 1310 devicti,

212 1326 295 1371 lege
319 1326 372 1360 111
396 1325 482 1360 Kal.
505 1326 730 1360 Februarias
756 1336 789 1359 a.
812 1325 878 1359 412
901 1326 993 1361 data
1016 1336 1172 1369 poenae,
1197 1335 1292 1370 quae
1317 1330 1433 1359 antea
1457 1324 1495 1359 in
1518 1335 1583 1359 eos
1606 1329 1714 1359 erant

213 1384 456 1426 constitutae,
484 1387 690 1417 renovatae
719 1388 756 1417 et
784 1393 905 1417 novae
934 1383 1218 1426 severioresque
1248 1385 1334 1416 sunt
1362 1381 1515 1416 additae
1543 1381 1716 1425 idemque

214 1444 348 1475 iterum
374 1439 516 1474 factum
542 1445 600 1474 est
624 1450 658 1474 a.
684 1440 749 1474 414
775 1440 858 1484 lege
884 1440 917 1474 X
943 1439 1029 1474 Kal.
1057 1440 1173 1474 Iulias
1198 1440 1300 1475 data.
1315 1439 1343 1483 ⁴)
1386 1440 1496 1474 annis
1525 1439 1641 1484 igitur
1670 1439 1716 1473 ab

221 1497 294 1531 illis
320 1497 468 1542 legibus
491 1497 674 1541 proximis
699 1496 849 1532 Donato
874 1497 950 1532 vim
979 1497 1135 1532 inlatam
1159 1502 1197 1532 et
1221 1497 1424 1541 epistulam
1452 1498 1515 1532 173
1541 1498 1722 1541 scriptam

214 1563 296 1588 esse
325 1553 568 1589 manifestum
596 1559 665 1595 est,
693 1564 816 1589 annus
843 1560 969 1590 autem
1001 1555 1081 1598 ipse
1111 1555 1288 1591 incertus.

356 1626 527 1670 Epistula
559 1626 671 1660 173Α
704 1636 738 1669 p.
770 1625 848 1667 650,
882 1625 915 1659 8:
950 1625 1108 1659 Servate
1141 1634 1209 1659 vos
1239 1625 1289 1659 ad
1320 1624 1504 1668 leqendos
1536 1624 1583 1658 de
1616 1624 1716 1658 trini-

216 1686 294 1718 tate
320 1683 448 1725 libros,
476 1692 570 1727 quos
598 1684 636 1717 in
664 1683 816 1716 nomine
843 1682 988 1717 domim·
1015 1682 1128 1716 edere
1158 1682 1307 1726 iamque
1335 1680 1511 1725 dispono.
1553 1681 1719 1725 epistula

215 1739 330 1784 igitur
365 1739 507 1783 scripta
542 1744 599 1774 est
631 1750 664 1774 a.
697 1739 775 1782 416,
810 1739 988 1784 quoniam
1024 1739 1138 1783 paulo
1173 1744 1260 1783 post
1296 1739 1389 1774 editi
1427 1743 1516 1774 sunt
1551 1739 1636 1774 libri
1671 1739 1717 1774 de

216 1797 400 1832 trinitate.
435 1807 530 1842 quos
553 1808 636 1832 cum
659 1797 797 1833 deinde
820 1797 869 1831 ad
892 1796 1099 1840 Aurelium,
1121 1797 1341 1840 episcopum
1366 1796 1718 1843 Carthaginensem,

216 1855 393 1898 mitteret,
423 1865 497 1889 una
525 1855 573 1889 ad
603 1865 687 1889 eum
715 1854 817 1889 misit
844 1854 1048 1898 epistulam
1076 1855 1153 1889 174.

357 1922 552 1966 Epistulae
579 1923 656 1957 175.
683 1923 761 1957 176.
788 1923 865 1957 177.
893 1923 969 1957 181.
996 1923 1073 1957 182.
1100 1924 1177 1958 183.
1204 1924 1280 1957 184.

219 1978 428 2023 Epistulam
460 1980 525 2014 175
557 1980 726 2023 episcopi
759 1979 977 2023 provinciae
1010 1979 1321 2024 Carthaginensis
1352 1984 1391 2014 et
1422 1980 1622 2024 epistulam
1654 1980 1721 2014 176

218 2035 389 2079 episcopi
425 2035 626 2071 Numidiae
658 2037 706 2071 ad
740 2036 1003 2073 Innocentium
1037 2047 1175 2080 papam
1209 2038 1444 2081 scripserunt
1477 2048 1523 2074 ex
1557 2037 1718 2072 concilio

218 2091 512 2137 Carthaginensi
534 2093 654 2136 alteri,
678 2093 788 2128 alteri
812 2092 1033 2130 Milevitano
1056 2099 1216 2139 utroque
1238 2105 1272 2128 a.
1297 2095 1366 2129 416
1389 2099 1523 2129 contra
1547 2094 1720 2139 Pelagia-

218 2159 304 2184 nam
335 2149 520 2188 haeresim
551 2150 679 2186 habito
710 2156 824 2195 atque
856 2151 1078 2186 Milevitano
1110 2151 1223 2195 paulo
1255 2156 1343 2195 post
1371 2152 1715 2196 Carthaginense.⁵)

218 2207 354 2250 quibus
386 2207 561 2250 epistulis
594 2218 699 2242 suam
732 2218 882 2253 quoque
916 2208 1085 2252 ipsorum
1124 2210 1197 2253 (ep.
1233 2210 1315 2252 177)
1349 2209 1516 2254 quinque
1548 2209 1720 2254 episcopi

219 2266 492 2311 addiderunt,⁶)
540 2267 728 2309 Aurelius,
773 2266 946 2310 Alypius,
992 2266 1241 2311 Augustinus,
1286 2266 1468 2310 Evodius,
1511 2267 1721 2301 Possidius.

219 2335 293 2369 quo
325 2325 427 2359 facto
457 2333 588 2359 omnes
620 2329 696 2358 tres
728 2324 839 2358 simul
870 2333 936 2366 per
967 2323 1188 2367 episcopum
1220 2322 1356 2359 Iulium
1389 2324 1548 2359 Romam
1582 2324 1720 2372 missae

220 2386 259 2416 et
286 2380 508 2416 Innocentio
535 2386 622 2416 sunt
647 2380 863 2424 redditae.⁷)
902 2390 1089 2424 responsa
1112 2386 1251 2424 autem,
1277 2392 1373 2426 quae
1400 2381 1646 2416 Innocentius
1673 2382 1721 2416 ad

222 2438 393 2482 singulas
426 2438 572 2474 litteras
607 2438 724 2482 dedit,
760 2442 848 2473 sunt
878 2438 1046 2481 epistula
1078 2439 1155 2473 181.
1188 2438 1272 2473 182.“
1301 2439 1378 2482 183,
1409 2443 1568 2484 quarum
1601 2439 1721 2474 altera

362 2576 390 2619 ¹)
420 2585 455 2618 p.
482 2576 560 2620 150,
589 2576 645 2619 153
677 2576 752 2619 154,
779 2576 814 2617 73
841 2576 919 2619 380,
944 2576 976 2610 5.

362 2633 391 2676 ²)
420 2642 455 2676 p.
482 2633 563 2677 633,
589 2633 695 2676 3-43
724 2633 803 2676 635,
832 2633 937 2676 2—3;
967 2634 1021 2668 15.
1243 2633 1274 2674 ³)
1302 2643 1337 2677 p.
1368 2633 1446 2678 638,
1476 2634 1506 2667 1.

361 2689 390 2733 ⁴)
418 2689 605 2725 Theodos.
635 2690 697 2725 lib.
727 2689 813 2725 XVI
842 2691 876 2735 5,
904 2690 963 2727 52:
993 2691 1048 2725 54.

362 2746 391 2789 ⁶)
420 2757 457 2791 p.
482 2748 561 2791 668,
587 2748 713 2782 9—11.
736 2756 740 2759 ·
952 2748 980 2792 ⁶)
1011 2758 1046 2792 p.
1074 2748 1152 2791 669,
1179 2749 1281 2783 5-7.

363 2803 391 2847 ⁷)
421 2814 455 2847 p.
484 2805 561 2847 ms,
589 2804 694 2848 e-7;
725 2805 802 2848 715,
830 2805 957 2840 8—11:
987 2805 1064 2849 724,
1093 2806 1193 2840 4—6.
