2078 3054
312 119 369 161 46
949 125 1092 163 Index
1117 124 1194 162 111.

314 251 352 283 et
388 247 502 282 tertia
537 245 637 281 diem
672 244 911 288 adscriptum
946 243 1099 288 habent,
1134 242 1393 277 altera:·Dat.
1433 241 1483 277 Vl
1519 240 1580 277 Κῑ.
1615 240 1724 277 Febr.
1759 238 1832 275 Ho—

314 306 422 339 norio
455 308 495 339 et
526 303 755 339 Constantio
789 312 851 337 uu.
885 312 939 337 cc.
972 311 1110 344 conss„
1144 300 1184 335 id
1218 304 1277 335 est
1312 310 1346 334 a.
1380 299 1460 344 417,
1495 299 1624 335 tertia:
1659 300 1747 335 Dat.
1782 299 1833 334 Vl

313 362 375 397 KZ.
406 362 515 397 Febr.
546 362 584 396 in
614 361 739 405 prima
769 370 920 405 quoque
952 359 1045 405 quin
1077 359 1177 394 idem
1210 358 1449 402 adscriptum
1481 357 1608 402 fuerit,
1642 357 1711 393 sed
1741 361 1834 393 tem-

313 431 449 464 porum
486 419 627 457 iniuria
659 418 829 463 perierit,
864 428 941 453 non
975 421 1034 453 est
1066 417 1169 463 quod
1203 416 1367 461 dubites,
1402 415 1458 450 ita
1490 419 1532 451 ut
1565 425 1642 450 uno
1678 415 1740 451 die
1774 414 1833 452 In-

314 477 516 513 nocentius
558 477 607 512 ad
649 486 781 511 omnes
824 475 908 510 illas
950 475 1099 510 litteras
1141 473 1386 518 respondisse
1428 473 1619 508 videatur.
1659 494 1708 499 —
1747 472 1835 507 Bre-

312 535 474 570 vissima
514 535 679 579 denique
720 533 889 577 epistula
927 533 995 568 184
1035 531 1284 567 Innocentius
1325 531 1488 566 salutem
1528 535 1678 567 tantum
1719 530 1833 566 modo

314 593 509 628 nuntiavit
542 592 699 628 Aurelio
735 596 773 627 et
808 591 1026 636 Augustino
1061 600 1128 635 per
1165 590 1432 635 presbyterum
1468 588 1712 634 Germanum,
1748 599 1832 624 cum

312 651 351 686 in
383 650 553 685 Africam
586 650 864 685 revertebatur.
909 649 1018 684 cuius
1051 648 1241 693 epistulae
1273 652 1426 692 tempus
1458 651 1500 682 ut
1531 646 1706 692 definias,
1739 647 1834 681 nihil

312 708 418 744 aliud
447 708 671 744 adiumento
702 707 785 753 erit,
818 707 893 742 nisi
923 707 1027 752 quod
1056 705 1305 741 Innocentius
1336 705 1388 739 IV
1419 704 1474 740 Id.
1509 704 1668 740 Martias
1699 716 1732 740 a.
1766 706 1833 740 417

312 769 486 802 mortuus
515 770 574 802 est
604 770 653 811 et,
684 766 715 801 si
746 765 809 801 ille
843 764 1058 800 Germanus
1088 765 1291 809 presbyter
1322 763 1423 799 idem
1454 768 1512 798 est
1543 767 1659 808 atque
1691 763 1734 808 is,
1768 763 1833 808 qui

313 825 517 870 episcopus
552 823 715 859 concilio
749 822 1044 868 Carthaginensi
1078 821 1304 866 intererat,¹)
1339 820 1542 866 epistulam
1576 824 1666 856 ante
1699 831 1732 855 a.
1767 821 1835 855 416

312 881 495 926 scriptam
527 891 611 917 esse
645 884 763 925 patet.

452 939 668 984 Epistulam
703 940 770 974 178
804 938 1046 984 Augustinus
1081 938 1131 973 ad
1166 937 1353 973 Hilarium
1390 936 1546 981 scripsit
1581 936 1698 982 paulo
1733 941 1832 981 post,

312 1008 425 1043 quam
455 997 705 1033 conciliorum
734 996 1004 1032 Africanorum
1036 989 1226 1040 epistulae
1259 996 1334 1040 (ep.
1363 995 1430 1030 175
1459 999 1497 1030 et
1526 995 1608 1040 176)
1643 994 1692 1030 ad
1721 994 1834 1029 lnno·

313 1055 480 1091 centium
511 1065 648 1100 papam
679 1054 793 1090 data-e
821 1057 945 1098 erant,
974 1054 1067 1089 dicit
1096 1053 1209 1089 enim:
1240 1054 1321 1088 lam
1349 1063 1436 1088 cum
1465 1054 1540 1088 ista
1569 1053 1835 1095 scriberemus,

313 1122 620 1159 coquoveramus
656 1114 694 1147 in
734 1112 899 1147 ecclesia
935 1111 1234 1157 Carthayinensi
1271 1111 1460 1146 adversus
1497 1120 1564 1146 eos
1601 1111 1834 1155 episcopalis

313 1171 467 1206 concilii
492 1171 690 1206 conditum
712 1171 832 1213 fuisse
855 1170 1054 1205 decretum
1076 1179 1147 1214 per
1170 1169 1377 1215 epistulam
1400 1172 1535 1204 sancto
1559 1173 1599 1205 et
1622 1170 1834 1205 venerabili

312 1239 439 1274 papae
457 1229 684 1264 Innocentio
703 1228 949 1274 diriyeudum
970 1231 1008 1263 et
1030 1237 1100 1263 nos
1119 1228 1168 1263 de
1189 1228 1352 1263 concilio
1373 1228 1580 1263 Numidiae
1601 1228 1651 1263 ad
1670 1228 1832 1263 eandem

311 1287 565 1331 apostolicam
594 1287 725 1322 sedem
755 1287 830 1322 iam
862 1286 1039 1321 similiter
1068 1285 1390 1331 scripseramus.²)
1436 1285 1601 1321 necdum
1631 1284 1834 1321 Innocenti

313 1354 509 1389 responsa,
546 1344 683 1389 quibus
721 1344 900 1389 Pelagius
938 1347 976 1378 et
1014 1343 1227 1386 Caelestius
1265 1343 1530 1379 ecclesiastica
1568 1343 1834 1378 communione

312 1401 609 1448 privabantur‚³)
652 1402 692 1437 in
732 1401 903 1437 Africam
944 1406 1218 1446 pervenerant3
1260 1401 1433 1448 alioquin
1473 1401 1715 1447 Augustinus
1757 1409 1846 1437 non*

312 1464 470 1505 questus
494 1464 609 1499 esset:
634 1460 745 1495 Nova
772 1460 961 1505 quaedam
986 1460 1159 1495 haeresis
1181 1460 1338 1495 inimica
1359 1461 1509 1505 qratiae
1532 1459 1675 1495 Christi
1699 1463 1834 1495 contra

312 1518 515 1554 ecclesiam
558 1518 702 1554 Christi
747 1521 910 1553 conatur
952 1528 1172 1563 exsuryere,
1214 1518 1284 1553 sed
1327 1518 1498 1553 nondum
1543 1518 1745 1554 evidenter
1787 1518 1835 1552 ab

313 1576 476 1611 ecclesia
504 1579 685 1620 separata
714 1575 816 1621 est.⁴)

454 1633 669 1678 Epistulam
692 1635 759 1669 179
782 1633 1022 1679 Augustinus
1045 1634 1094 1670 ad
1117 1634 1339 1680 Iohannem,
1361 1635 1587 1680 episcopum
1614 1633 1834 1680 Hierosoly-

312 1691 510 1737 mitanum,
540 1702 573 1727 a.
603 1693 670 1728 416
697 1692 804 1728 misit
833 1692 950 1736 paulo
981 1697 1069 1737 post
1100 1693 1291 1738 synodum
1321 1692 1631 1737 Diospolitanam
1661 1698 1834 1730 extremo

313 1759 442 1785 mense
468 1748 670 1786 Decembri
695 1761 727 1785 a.
757 1750 824 1785 415
849 1750 1017 1786 habitam
1044 1755 1180 1795 petens
1207 1751 1255 1786 ab
1280 1761 1338 1796 e0,
1363 1756 1404 1786 ut
1433 1751 1699 1788 ecclesiastica
1723 1756 1834 1797 gesta

313 1807 385 1843 sibi
424 1808 686 1844 transmittere
727 1808 964 1854 dignaretur.
1017 1809 1126 1844 cuius
1167 1809 1306 1854 synodi
1348 1813 1439 1844 tunc
1480 1809 1575 1844 nihil
1616 1810 1689 1845 nisi
1731 1810 1833 1845 fama

310 1869 460 1900 tantum
491 1866 639 1902 incerta
666 1866 705 1901 in
735 1866 905 1902 Africam
935 1871 1178 1912 pervenerat,
1209 1878 1284 1912 qua
1316 1877 1401 1902 cum
1432 1867 1613 1913 Pelagius
1643 1872 1831 1914 purgatus

311 1933 395 1959 esse
425 1924 701 1968 perhiberetur,
731 1925 971 1970 Augustinus
1000 1929 1039 1960 et
1065 1925 1174 1960 multi
1204 1935 1289 1960 cum
1320 1935 1366 1961 eo
1394 1926 1569 1969 episcopi
1597 1926 1712 1961 valde
1744 1930 1833 1961 sunt

310 1982 536 2027 perturbati,
572 1987 610 2017 et
643 1992 714 2026 pro
750 1982 871 2028 gestis
906 1983 1081 2019 defensio
1119 1983 1310 2029 quaedam
1345 1984 1393 2019 ab
1427 1984 1512 2028 ipso
1549 1983 1707 2029 Pelagio
1744 1994 1832 2019 con-

313 2039 470 2084 scripta,
513 2050 591 2086 qua
635 2050 675 2076 se
718 2040 873 2075 dixerat
915 2041 1076 2077 obiectis
1119 2041 1367 2085 respondisse
1411 2041 1566 2077 Herotis
1610 2046 1649 2077 et
1693 2042 1830 2078 Lazari

309 2095 550 2142 Gallorum.⁵)
594 2098 765 2133 nondum
795 2098 912 2144 igitur
943 2098 1101 2135 Orosius
1130 2110 1178 2135 ex
1206 2098 1430 2135 Palaestina
1463 2103 1677 2136 reverterat
1707 2110 1830 2146 neque

310 2155 513 2190 concilium
538 2155 664 2191 fuerat
686 2156 1002 2202 Carthaginense,
1026 2158 1129 2202 quod
1151 2167 1236 2193 cum
1260 2158 1476 2202 haberetur,
1499 2157 1658 2194 Orosius
1679 2158 1830 2194 litteras

309 2211 463 2248 Herotis
504 2218 542 2249 et
581 2213 718 2249 Lazari
755 2215 1003 2261 congregatis
1041 2215 1236 2260 episcopis
1274 2215 1480 2261 tradidit.⁰)
1535 2227 1623 2252 nam
1662 2216 1829 2261 epistula

309 2270 455 2314 scripta
481 2275 539 2306 est
568 2282 612 2307 eo
641 2275 826 2317 tempore,
854 2273 957 2318 quod
986 2273 1084 2309 inter
1115 2274 1304 2318 synodum
1334 2273 1644 2318 Diospolitanam
1673 2278 1711 2310 et
1739 2274 1830 2310 Car-

308 2328 576 2374 thaginensem
615 2330 891 2366 intercedebat.
943 2336 1058 2377 atque
1099 2332 1131 2367 si
1172 2332 1474 2377 consideramus,
1514 2337 1658 2377 quanto
1699 2332 1827 2368 studio

309 2385 549 2431 Augustinus
587 2388 651 2422 illa
691 2392 803 2434 gesta
840 2388 1043 2434 adquirere
1083 2394 1245 2425 conatus
1287 2390 1336 2425 sit
1372 2412 1419 2417 —
1457 2390 1531 2425 iam
1572 2394 1689 2426 antea
1726 2391 1827 2426 enim

309 2444 518 2487 scripserat
542 2445 701 2482 alteram
727 2447 776 2481 ad
801 2446 1010 2482 Iohannem
1035 2448 1241 2491 epistulam
1266 2458 1389 2493 neque
1417 2457 1645 2492 responsum
1671 2458 1828 2493 accepe-

308 2507 377 2545 rat,
406 2508 441 2537 et
470 2503 566 2537 hanc
596 2509 637 2538 ut
663 2504 844 2549 mitteret,
872 2506 1074 2541 occasione
1104 2506 1308 2549 perlatoris
1336 2506 1478 2541 factum
1508 2510 1577 2551 est,
1607 2517 1719 2552 quem
1750 2507 1826 2541 cito

448 2630 474 2672 ¹)
506 2640 565 2673 ep.
597 2630 662 2665 175
693 2640 728 2674 p.
759 2631 838 2675 653,
868 2632 908 2679 ’7.Ι
1148 2633 1177 2677 ²)
1207 2642 1243 2676 p.
1273 2633 1352 2678 690,
1388 2633 1535 2668 12-17.

447 2687 475 2729 ³)
506 2696 541 2730 p.
575 2688 653 2732 711,
687 2689 837 2733 3-712,
873 2690 929 2733 113
965 2690 1044 2735 721,
1077 2690 1227 2735 3—722,
1265 2691 1319 2725 10.

447 2744 475 2788 ²)
505 2754 540 2788 p.
568 2746 646 2790 689,
676 2746 824 2781 14-16.
1067 2748 1096 2793 5)
1126 2759 1161 2791 p.
1191 2749 1270 2793 695,
1297 2749 1427 2784 9-12:
1459 2750 1606 2784 14—17.
1644 2775 1650 2779 .

446 2802 474 2845 ⁴¹)
505 2812 563 2846 op.
599 2804 663 2837 175
696 2814 731 2848 p.
766 2805 845 2848 (253,
878 2805 1048 2851 11-654,
1081 2808 1110 2840 1.
