2078 3054
851 152 992 191 1ndex
1018 149 1093 189 111.
1671 131 1726 176 35

217 277 332 323 teriit,
358 275 551 312 salutandi
577 284 694 310 causa
719 272 936 316 Hipponem
963 268 1199 314 properavit,
1228 266 1416 312 epistulae
1444 265 1611 309 scriptae
1639 269 1727 299 sunt

218 347 307 372 vere
334 335 425 371 anni
451 334 516 368 411
544 337 659 378 atque
685 329 854 375 epistula
880 328 946 363 125
973 327 1119 371 prior.¹)

359 391 536 437 Epistula
557 390 635 432 120,
657 399 770 434 quam
796 386 1035 432 Augustinus
1058 384 1106 419 ad
1129 382 1379 418 Consentium
1402 380 1612 425 rescripsit,
1634 379 1728 414 nihil

219 450 401 494 continet,
434 458 508 494 quo
542 451 694 490 tempus
730 444 897 490 perspici
930 442 1064 487 possit,
1098 441 1171 476 nisi
1205 440 1308 486 quod
1341 439 1379 474 in
1412 449 1447 484 p.
1480 438 1558 482 715,
1593 436 1726 472 19—21

219 509 335 542 libros
372 507 418 542 de
452 506 624 541 trinitate
660 504 697 538 in
731 502 907 537 manibus
943 510 982 535 se
1019 500 1157 534 habere
1191 498 1285 533 dicit
1320 501 1359 532 et
1392 499 1550 541 propter
1585 494 1731 540 magui-

219 565 389 599 tudinem
422 568 499 598 tam
531 561 699 597 difficilis
731 558 969 605 quaestionis
1001 557 1169 591 nondum
1202 565 1315 600 posse
1351 554 1557 598 explicare.
1602 562 1730 598 quam-

221 632 332 666 quam
360 621 395 655 id
423 620 524 655 haud
550 618 708 653 multum
735 627 804 651 nos
831 616 950 659 iuvat,
976 614 1115 659 quippe
1141 623 1226 648 cum
1253 612 1491 656 Augustinus
1519 611 1556 645 in
1583 620 1640 654 ep.
1667 610 1732 644 174

221 690 255 723 1).
282 680 362 723 650,
390 678 432 712 15
459 678 527 712 hos
555 676 672 711 libros
704 675 880 709 iuvenem
912 683 950 708 se
979 671 1235 716 inchoavisse,
1263 681 1392 705 senem
1420 669 1588 705 edidisse
1616 668 1731 703 dicat.

361 736 419 770 Ad
449 734 653 779 epistulam
684 733 746 767 121
781 731 931 766 Paulini
959 729 1160 773 respondit
1189 728 1428 773 Augustinus
1457 726 1625 770 epistula
1654 726 1731 760 149.

222 804 343 838 neque
370 803 461 827 vero
489 793 559 826 hoc
587 791 746 835 primum
775 789 855 824 eius
882 797 1106 832 responsum
1134 786 1216 829 fuit,
1244 785 1310 820 sed
1337 784 1611 820 interciderunt
1638 783 1735 818 inter

223 851 306 886 illas
331 851 480 885 litteras
505 850 603 884 duae
629 848 737 892 aliae,
766 857 926 892 quarum
952 846 1074 881 altera
1100 844 1339 889 Augustinus
1364 843 1547 878 continuo
1573 841 1734 885 rescrip-

223 914 326 943 serat
347 909 394 943 ad
417 918 473 951 ea,
497 917 593 952 quae
616 906 792 951 quaesita
813 909 924 940 erant
946 904 983 938 in
1008 913 1067 946 ep.
1091 902 1198 947 1213)
1225 902 1346 937 altera
1370 901 1553 936 Paulinus
1577 909 1734 944 prospe·

223 977 303 1001 rum
335 965 466 1007 Quinti
497 964 705 999 adventum
737 961 1027 1005 nuntiaverat.³)
1073 971 1195 1005 neque
1227 959 1356 1003 plures
1387 959 1535 994 litteras
1571 958 1734 1001 scriptas

223 1034 306 1058 esse
340 1024 410 1057 hoc
444 1022 628 1066 temporis
664 1021 789 1064 spatio
823 1031 869 1054 ex
906 1018 1094 1063 epistulae
1129 1018 1195 1052 149
1229 1028 1259 1051 c.
1296 1018 1311 1050 1
1348 1022 1384 1052 et
1419 1017 1440 1050 2
1473 1017 1568 1051 bene
1606 1015 1734 1059 colligi

224 1086 365 1124 potest,
407 1080 515 1115 cuius
555 1079 655 1114 enim
698 1088 732 1123 p.
773 1078 852 1121 349,
897 1076 1032 1110 12-22
1075 1076 1307 1110 mentionem
1351 1074 1442 1109 facit
1484 1073 1735 1118 Augustinus,

225 1142 486 1174 antecesserat
527 1136 727 1181 epistulam
771 1135 852 1178 1213
893 1134 1024 1169 eadem
1066 1134 1165 1168 enim
1208 1136 1267 1167 est
1307 1136 1421 1176 atque
1463 1142 1519 1175 ea,
1561 1141 1657 1175 quae
1701 1130 1738 1164 in

225 1197 294 1230 hac
337 1197 423 1239 ipsa
463 1194 680 1240 significata
720 1198 778 1228 est
823 1203 858 1236 p.
902 1193 979 1236 736,
1020 1193 1122 1226 5—7.
1176 1202 1273 1236 quae
1315 1201 1399 1225 cum
1443 1190 1496 1225 ita
1538 1190 1625 1232 sint,
1667 1199 1736 1233 pro

225 1254 438 1288 litterarum
481 1253 578 1287 inter
621 1251 877 1296 Augustinum
922 1255 959 1285 et
1001 1250 1203 1285 Paulinum
1246 1247 1504 1293 frequentia⁴)
1549 1252 1651 1282 recte
1694 1258 1736 1281 ac

225 1311 360 1345 merito
396 1311 523 1345 dicere
560 1309 771 1353 poterimus
808 1308 1011 1352 epistulam
1050 1308 1113 1341 121
1152 1307 1218 1341 vix
1254 1306 1419 1350 amplius
1457 1306 1611 1341 biennio
1649 1308 1737 1339 ante

225 1368 429 1411 epistulam
464 1368 530 1402 149
565 1377 648 1402 esse
684 1366 914 1410 scriptan1;⁵)
954 1365 1120 1410 epistula
1155 1369 1282 1399 autem
1319 1364 1384 1398 149
1418 1364 1510 1399 data
1545 1368 1600 1399 est
1637 1362 1738 1397 circa

226 1436 258 1460 a.
289 1425 483 1459 414—416.

367 1482 544 1526 Epistula
583 1482 648 1517 123
693 1491 728 1525 p.
769 1482 846 1525 746,
891 1481 923 1515 2:
966 1480 1088 1525 Capta
1130 1480 1369 1515 Hierusalem
1412 1482 1563 1514 tenetur
1603 1490 1625 1513 a
1666 1478 1739 1512 Na-

228 1540 521 1575 buchodonosor
567 1549 635 1573 nec
680 1538 895 1573 Hieremiae
941 1539 1024 1573 vult
1069 1539 1201 1573 audire
1249 1538 1425 1579 (·onsile'a;
1472 1538 1562 1582 quin
1611 1537 1740 1580 potius

228 1599 448 1643 Aeyyptum
474 1598 681 1639 desiderat,
706 1601 748 1631 ut
773 1598 959 1631 moriatur
985 1598 1020 1631 in
1049 1596 1227 1640 Taplznes
1253 1599 1290 1630 et
1316 1596 1368 1630 ibi
1394 1596 1582 1630 servitute
1607 1597 1740 1639 pereat

227 1657 474 1701 sempiterna.
511 1666 624 1700 quam
646 1655 869 1700 allegoriam
896 1654 926 1689 si
950 1654 1002 1689 ita
1025 1658 1127 1689 recte
1151 1654 1458 1697 interpretamur,
1482 1658 1524 1688 ut
1546 1652 1739 1687 Alaricum

229 1713 484 1757 significatum
515 1723 597 1747 esse
627 1713 810 1756 dicamus,
843 1713 906 1757 qui
935 1713 1025 1747 urbe
1055 1712 1175 1746 Roma
1205 1712 1380 1755 Augusto
1410 1711 1500 1745 anni
1530 1711 1597 1745 410
1627 1714 1741 1754 capta

228 1777 264 1805 et
297 1771 448 1814 direpta
480 1770 690 1805 insatiabili
720 1774 906 1805 terrarum
939 1770 1284 1814 expugnandarum
1317 1769 1497 1813 cupidine
1529 1769 1668 1803 ductus
1703 1768 1740 1802 in

230 1828 404 1865 Siciliam.
424 1833 462 1863 et
492 1828 711 1873 Aegyptum
741 1827 1025 1871 expeditionem
1055 1828 1226 1871 parabat,
1256 1828 1347 1861 haec
1378 1827 1484 1861 scida
1512 1826 1657 1869 scripta
1684 1833 1740 1860 est

231 1890 413 1919 autumno
437 1886 525 1919 anui
549 1886 615 1919 410
638 1889 726 1920 ante
750 1885 893 1919 Alarici
915 1888 1086 1919 mortem.

370 1943 584 1986 Epistulam
627 1944 693 1978 127
734 1943 974 1988 Augustinus
1015 1943 1130 1987 paulo
1171 1948 1258 1986 post
1298 1942 1458 1977 Romam
1500 1943 1547 1977 ab
1587 1942 1740 1976 Alarico

229 2004 400 2034 extremo
436 2011 564 2035 mense
599 2000 774 2045 Augusto
809 2001 898 2035 anni
933 2001 999 2034 410
1032 2006 1184 2044 captam
1219 2000 1541 2045 compilatamque
1577 2000 1742 2043 scripsit,

230 2058 331 2101 quod
369 2059 570 2102 perspicue
607 2058 842 2102 significavit
877 2058 1023 2093 dicens:
1065 2059 1177 2093 Modo
1214 2069 1298 2093 cum
1336 2061 1420 2102 ipsa
1456 2059 1589 2100 Roma,
1625 2058 1742 2091 domi-

230 2115 358 2150 cilium
389 2116 592 2150 clare'sse'nu'
622 2116 783 2160 imperii,
813 2116 1011 2150 barbarico
1043 2119 1263 2151 vastaretur
1293 2117 1459 2158 incursu,
1490 2126 1604 2161 quam
1635 2115 1743 2149 multi

231 2174 334 2207 Time
357 2174 470 2208 hue'us
494 2174 716 2217 temporalis
739 2177 942 2216 amatores,
964 2177 1007 2208 ut
1029 2184 1114 2208 eam
1141 2174 1198 2208 vel
1224 2175 1430 2215 infeliciter
1454 2174 1742 2218 producendam

233 2231 449 2275 nudamque
482 2231 723 2270 redz'merenl,
753 2231 942 2265 dederunt
976 2232 1115 2271 onmia,
1147 2241 1244 2276 quae
1276 2232 1330 2265 illc·
1362 2229 1435 2265 non
1469 2232 1591 2265 solum
1622 2231 1744 2265 oblec-

233 2288 373 2322 tandae
414 2292 451 2322 et
491 2289 689 2324 ornandae
733 2299 862 2323 verum
908 2290 1023 2323 etiam
1065 2290 1342 2324 sustentandae
1385 2290 1626 2334 tuendaeque
1668 2299 1742 2323 ser-

231 2344 391 2379 vabant!
404 2345 432 2389 Θ)

373 2470 400 2517 ¹)
430 2481 488 2514 ep.
521 2471 587 2506 116
615 2482 649 2515 p.
680 2472 731 2516 16,
762 2473 814 2506 13.

371 2527 400 2561 ²>
431 2538 465 2571 p.
492 2528 571 2572 349,
599 2529 727 2572 5-12;
760 2529 907 2564 ‘ge-23.
940 2552 942 2554 v
1100 2531 1128 2574 ³³)
1159 2540 1194 2573 p.
1221 2531 1301 2575 348,
1328 2531 1433 2574 5—77.
1462 2532 1541 2574 349.
1569 2531 1670 2565 6-7.

372 2584 398 2627 ⁴)
430 2585 486 2619 Cf.
518 2596 614 2629 quae
646 2585 813 2621 diximus
844 2587 893 2622 ad
924 2597 983 2631 ep.
1014 2588 1068 2621 95.

372 2641 399 2677 ⁵)
432 2642 593 2677 Maurini
630 2643 725 2678 hanc
763 2644 966 2687 epistulam
1006 2656 1106 2679 anno
1143 2646 1210 2679 410
1245 2646 1512 2690 attribuerunt,
1550 2656 1623 2691 quo
1660 2657 1741 2680 eam

235 2699 392 2742 propius
428 2700 477 2734 ad
513 2710 571 2743 ep.
607 2701 651 2735 95
689 2701 950 2736 admoverent.
999 2703 1099 2747 quod
1140 2714 1204 2737 cur
1242 2704 1383 2738 factum
1422 2704 1481 2747 sit,
1519 2704 1566 2738 ad
1604 2714 1661 2747 ep.
1699 2704 1743 2737 95

235 2756 320 2789 adn.
349 2757 363 2789 1
391 2756 557 2791 breviter
582 2758 838 2802 exposuimus.

373 2815 400 2843 “ss
433 2825 466 2856 1).
498 2815 551 2857 23,
582 2816 682 2849 4⁴29.
