2078 3054
323 157 409 201 402

338 300 405 334 pro
438 288 699 334 apostolorum
730 288 979 324 veneratione
1012 287 1100 333 (Ro-

376 348 490 392 mam)
509 347 641 382 venire
665 347 700 381 II
725 347 1092 391 497,16(Paul.).—

375 415 443 450 pro
471 416 611 451 magno
628 410 880 451 :tamquam
909 416 1089 450 magnum

373 467 489 499 esset:
520 463 612 509 quid
641 473 708 509 pro
738 473 877 509 magno
906 473 976 498 vos
1006 462 1087 498 vul-

374 521 422 557 tis
452 532 475 556 a
503 521 656 557 domino
687 522 733 556 de
764 525 885 556 morte
914 519 1088 556 liberari?

374 579 426 613 III
451 579 529 624 172,
554 580 612 622 18;
637 580 683 621 cs.
709 579 787 624 164,
811 579 866 614 22.
893 579 970 623 165,
996 579 1026 614 1.

325 645 563 690 productius:
611 644 674 678 vel
720 642 874 678 brevius
921 641 984 677 vel
1032 651 1086 686 pr.

372 702 578 748 praeterire
606 702 659 736 III
686 701 766 745 566,
793 701 830 745 6;
860 701 906 742 cf.
935 701 989 734 11.

325 760 522 806 proficere:
550 759 703 805 quando
731 759 778 794 de
805 757 1020 793 hominibus
1048 757 1086 792 in

371 818 529 864 angelos
558 816 832 863 profecerimus
862 816 914 850 III
941 816 1021 859 338,
1049 815 1086 860 6;

372 877 419 918 cf.
446 877 501 911 15.

324 934 566 980 proficienter
590 933 629 968 in
654 932 754 968 bono
781 932 978 977 proposito
1003 941 1085 976 per-

370 1002 525 1028 manere
547 992 601 1026 IV
621 992 701 1037 396,
724 993 757 1035 13
779 991 826 1032 cf.
848 991 925 1034 244,
946 990 979 1024 4.
1001 998 1085 1033 per-

371 1054 593 1086 severanter
622 1054 659 1085 et
686 1059 742 1093 pr.
770 1048 822 1083 IV
852 1048 930 1092 124,
957 1048 1012 1083 22.

323 1109 530 1153 prohibitio
564 1108 616 1143 IV
650 1108 728 1152 218,
762 1107 816 1142 26.
850 1106 1084 1142 nefariarum

369 1166 686 1211 superstitionum
720 1165 999 1210 prohibitiones
1032 1163 1085 1198 IV

369 1225 447 1270 582,
475 1225 530 1260 20.

323 1283 481 1329 proinde
506 1286 604 1328 part.
631 1283 750 1318 conci.
777 1292 862 1317 cum
887 1281 977 1324 ind„
1001 1282 1024 1316 i.
1051 1291 1082 1316 e.

367 1344 523 1386 praeter
559 1341 800 1376 hortationes
836 1343 876 1375 et
911 1340 1082 1375 admoni-

369 1401 508 1435 tiones:
535 1399 697 1443 proinde
723 1398 883 1434 multum
900 1397 1082 1449 ¹adprobo

369 1458 599 1493 sententiam
631 1461 735 1492 tuam
767 1456 803 1490 II
834 1456 913 1501 510,
946 1455 1003 1499 173
1035 1455 1082 1496 cf.

366 1515 446 1560 506,
479 1515 534 1550 16.
565 1515 645 1560 555,
676 1515 709 1550 3.
741 1513 821 1558 556,
852 1514 884 1548 7.
914 1512 995 1558 562,
1026 1512 1081 1547 24.

993 171 1135 211 Index
1163 173 1226 211 VI.

1173 291 1211 326 in
1268 291 1380 328 deum
1437 292 1751 338 promoverimus,
1806 292 1887 339 ipse

1172 349 1314 384 viderit
1341 349 1357 384 Ι
1384 350 1441 394 48,
1469 350 1501 385 9.

1125 407 1392 451 pronuntiator
1422 407 1496 443 nisi
1527 409 1741 444 auditorem
1773 410 1887 445 intor-

1171 468 1249 500 met
1273 465 1307 500 II
1332 465 1412 510 542,
1438 465 1493 501 17.

1118 531 1261 566 pronus
1278 538 1319 551 -—-
1336 523 1510 568 supplex:
1532 523 1686 569 (David)
1705 523 1885 560 orationi-

1170 579 1240 615 bus
1280 591 1422 626 pronus
1461 585 1619 627 exoptat
1655 582 1709 617 III
1747 582 1827 628 709,
1864 583 1886 617 6

1170 638 1349 682 (Imma).

1123 695 1355 739 prooemiari
1382 695 1417 730 II
1442 697 1520 742 663,
1548 698 1591 733 18
1616 699 1791 743 (mosa).

1122 762 1342 807 propalare:
1384 766 1436 807 ut,
1475 762 1578 807 quod
1617 762 1791 798 homines
1831 762 1884 797 in-

1168 820 1299 857 venire
1330 831 1407 856 non
1436 823 1609 865 possunt,
1637 820 1685 855 de
1714 820 1885 866 quolibet

1167 878 1299 914 divino
1326 878 1468 916 iudicio
1496 878 1718 923 propaletur
1744 878 1779 913 II
1803 878 1883 922 334,

1166 937 1202 980 3;
1231 936 1278 978 ct.
1304 936 1386 981 336,
1413 936 1444 971 2.

1120 994 1325 1039 propensio
1354 993 1507 1029 amandi
1534 993 1550 1028 Ι
1577 994 1633 1037 99,
1663 994 1716 1029 17.

1119 1052 1349 1098 prophetare
1375 1051 1409 1087 II
1435 1052 1512 1095 140,
1538 1051 1592 1087 18.
1617 1051 1698 1096 575,
1724 1052 1777 1086 12.
1802 1052 1881 1094 577,

1165 1110 1199 1146 3.
1222 1111 1302 1155 738,
1322 1110 1345 1145 5
1367 1109 1522 1155 (Paul.).
1547 1109 1599 1144 III
1623 1110 1702 1154 183,
1725 1110 1780 1145 15.
1802 1109 1881 1153 216,

1167 1168 1210 1203 17
1234 1169 1473 1213 saepissime.

1120 1226 1327 1270 prophetia
1344 1225 1379 1260 II
1399 1226 1479 1270 574,
1499 1225 1532 1260 4.
1552 1225 1633 1269 576,
1654 1225 1709 1260 17.
1730 1225 1783 1259 III
1803 1225 1880 1268 166,

1166 1283 1197 1318 1.
1226 1284 1248 1319 3
1275 1284 1323 1319 al.
1352 1283 1568 1318 futurorum
1597 1283 1799 1328 prophetia
1828 1281 1881 1317 III

1164 1341 1244 1386 216,
1295 1342 1349 1376 14.
1399 1341 1604 1385 prophetia
1653 1351 1763 1385 com-,
1815 1340 1881 1375 im-

1164 1399 1290 1444 pletur
1323 1399 1359 1434 II
1394 1399 1472 1444 142,
1508 1399 1562 1435 18.
1596 1399 1676 1444 418,
1710 1399 1765 1433 11.
1800 1398 1879 1441 453,

1163 1458 1185 1492 7
1214 1458 1262 1493 al.
1294 1457 1522 1502 prophetiae
1553 1456 1792 1501 praedicatio
1825 1455 1878 1490 III

1166 1515 1243 1560 171,
1271 1516 1324 1550 16.

367 1573 446 1618 573,
474 1573 529 1608 13.
555 1573 634 1617 706,
661 1572 717 1608 29.
743 1572 822 1616 712,
851 1571 905 1606 17.
932 1571 1011 1615 717,
1039 1570 1082 1605 16
1118 1573 1340 1618 prophetice
1374 1573 1608 1609 constituere
1642 1573 1675 1607 II
1709 1573 1789 1616 377,
1826 1573 1879 1616 19,

367 1631 415 1666 al.
447 1631 649 1676 permulta.

321 1688 525 1733 prolixitas
547 1688 733 1724 sermonis
756 1687 806 1722 IV
827 1687 907 1732 618,
927 1687 958 1722 5.
979 1691 1082 1722 aeta-

367 1747 417 1783 tis
440 1746 610 1782 brevitas
633 1746 696 1782 vel
719 1756 773 1791 pr.
798 1746 849 1781 IV
872 1745 952 1790 251,
975 1746 1011 1789 43
1034 1745 1081 1787 cf.
1117 1747 1364 1792 propheticus

367 1804 420 1839 III
446 1805 525 1850 167,
550 1805 605 1840 15.

321 1862 505 1907 prolixius
527 1862 696 1898 ieiunare
717 1861 751 1897 II
771 1861 827 1906 46,
846 1862 879 1906 7,
899 1871 1008 1899 orare
1029 1859 1081 1895 III

366 1920 423 1965 62,
444 1919 499 1965 *5‚
522 1920 781 1965 conscriptum
803 1919 855 1954 IV
876 1919 956 1963 559,
978 1918 1009 1953 2.

321 1977 508 2023 prolixum
535 1977 732 2023 negotium
760 1977 812 2011 III
841 1977 919 2021 133,
945 1976 978 2012 6.
1005 1975 1081 2021 epi-

1163 1630 1377 1676 gubernare
1409 1630 1462 1665 III
1494 1631 1573 1676 158,
1604 1630 1659 1675 24,
1690 1630 1795 1675 loqui
1826 1628 1879 1664 ΙΙΙ

1164 1689 1243 1734 184,
1268 1689 1323 1724 17.

1412 1746 1567 1791 spiritus
1615 1746 1649 1780 ΙΙ
1698 1746 1776 1790 194,
1825 1746 1878 1789 11,

1164 1805 1332 1849 psalmus
1367 1804 1421 1839 III
1454 1804 1533 1849 230,
1565 1804 1621 1839 20.
1655 1803 1879 1849 prophetica

1164 1862 1361 1907 sanctitas,
1399 1861 1601 1907 sententia,
1637 1860 1878 1907 significatio,

1162 1931 1269 1965 gens,
1306 1920 1440 1966 regula
1475 1920 1509 1954 II
1545 1920 1625 1964 360,
1663 1920 1694 1954 1.
1729 1919 1810 1964 364,
1847 1919 1877 1953 1.

1162 1978 1242 2023 367,
1266 1979 1299 2013 9.
1323 1978 1403 2022 557,
1428 1978 1482 2012 16.
1506 1977 1586 2021 622,
1611 1977 1632 2012 9
1656 1978 1738 2013 sim.

368 2035 468 2070 stula
503 2035 653 2080 prolixa
687 2035 722 2070 II
756 2035 835 2079 657,
872 2034 903 2070 1.
940 2033 1081 2080 petisti,
1117 2036 1336 2080 propinare:
1365 2039 1407 2071 ut
1434 2035 1630 2080 speculum
1657 2033 1768 2070 vobis
1797 2044 1877 2069 cor-

366 2098 407 2128 ut
438 2094 589 2137 prolixo
619 2103 734 2137 opere
765 2093 895 2138 aliqua
926 2101 1082 2136 respon-

366 2151 506 2195 derem,
536 2161 621 2186 cum
651 2150 791 2186 talibus
821 2150 930 2186 malis
959 2149 1080 2195 magis

367 2208 504 2253 prolixi
557 2208 722 2254 gemitus

366 2266 450 2301 libri
483 2266 693 2302 debeantur
728 2265 762 2300 II
794 2266 874 2310 642,
908 2266 963 2301 18.
996 2275 1080 2310 pro-

365 2323 479 2359 lixius
504 2327 654 2369 tempus
679 2323 714 2358 II
739 2324 771 2368 7,
798 2324 829 2358 1.
855 2323 906 2358 IV
931 2324 1010 2368 478,
1036 2324 1079 2358 10

1161 2094 1343 2129 rectionis
1373 2093 1639 2138 propinaretur
1670 2094 1725 2136 (z
1743 2101 1877 2137 propo—

1163 2151 1331 2196 neretur)
1357 2151 1391 2185 ΙΙ
1415 2151 1495 2195 617,
1519 2151 1552 2186 3.

776 2218 889 2253 quam
942 2207 1079 2253 prolixi
1116 2208 1337 2254 propitiatio
1389 2208 1441 2242 IV
1491 2209 1571 2252 457,
1621 2209 1643 2244 3
1692 2207 1875 2252 (Prosp.).

1161 2266 1453 2311 *miserationes
1497 2271 1536 2301 et
1580 2265 1876 2310 propitiationes

1162 2324 1196 2358 II
1219 2324 1299 2368 649,
1324 2325 1354 2359 1.

365 2381 488 2426 (Hit),
519 2381 703 2418 ieiunium
734 2380 770 2416 II
801 2381 857 2426 61,
889 2381 943 2416 16.
975 2380 1080 2419 aliud
1115 2381 1366 2427 ²1<propitiator
1390 2384 1634 2426 peccatorum
1658 2381 1795 2426 11478,
1819 2380 1874 2415 21.

366 2438 562 2484 aliquanto
590 2438 775 2484 prolixius
802 2439 854 2473 IV
881 2439 961 2483 561,
987 2439 1020 2474 8.

321 2497 526 2542 promereri
563 2496 675 2532 deum
712 2496 766 2531 III
803 2497 883 2541 480,
920 2497 951 2531 1.
989 2496 1080 2541 quid

364 2565 436 2590 vos
497 2557 787 2599 promeruerunt
847 2553 1081 2589 Maximiani-

367 2611 472 2648 stae‘?
508 2638 518 2647 .
552 2639 560 2647 .
596 2639 604 2646 .
639 2611 731 2657 quid
765 2621 836 2647 vos
872 2611 1080 2656 promeruit

366 2680 441 2714 pax
469 2669 633 2705 Donati?
661 2669 696 2704 II
723 2669 803 2714 328,
833 2669 864 2704 1.
891 2670 924 2704 5.

320 2727 508 2771 promotio
553 2727 740 2772 quaedam
785 2727 833 2763 ad
878 2736 1080 2772 supernam

368 2784 559 2830 (patriam)
584 2785 617 2819 II
642 2785 722 2829 579,
747 2784 792 2820 29
818 2785 974 2829 (Nect.).

320 2851 547 2885 promovere
563 2858 603 2872 z
620 2842 804 2886 proficere
823 2854 830 2877 :
895 2846 1078 2888 quantum

1115 2439 1267 2484 proprie
1308 2439 1412 2484 apud
1453 2439 1572 2475 Hier..·
1615 2438 1772 2483 scripsit
1812 2438 1874 2472 ille

1160 2497 1220 2531 vir
1251 2497 1289 2532 in
1318 2496 1520 2542 epistulam
1548 2496 1657 2532 Pauli
1686 2496 1735 2532 ad
1764 2495 1875 2531 Gala-

1161 2558 1220 2589 tas
1249 2554 1415 2600 quinque
1443 2554 1594 2599 proprie
1618 2553 1815 2590 volumina
1840 2552 1874 2587 II

1162 2612 1241 2657 286,
1264 2613 1299 2656 43
1324 2613 1371 2654 cf.
1394 2612 1472 2657 289,
1497 2612 1551 2648 16.
1574 2615 1617 2648 ut
1638 2606 1729 2647 tunc
1752 2620 1874 2646 meam

1161 2669 1311 2714 proprie
1342 2669 1570 2705 sententiam
1600 2669 1875 2704 condemnares

1161 2726 1196 2761 II
1220 2727 1299 2772 287,
1324 2728 1356 2763 8.

1114 2784 1304 2829 proprius:
1349 2784 1498 2820 Marcus
1542 2784 1696 2829 propria
1740 2783 1873 2818 volun-

1160 2845 1239 2877 tate
1264 2842 1476 2877 catholicus
1501 2842 1627 2877 factus
1653 2845 1711 2876 est
1735 2841 1770 2875 II
1793 2841 1872 2884 597,
