2078 3054
300 173 380 215 134

965 185 1106 220 Index
1132 184 1178 219 V.

295 302 326 336 A
342 312 358 336 s
375 301 385 336 i
400 312 423 335 n
439 301 450 336 i
466 312 488 336 u
504 311 520 336 s
548 311 581 335 v.
609 300 807 336 Cornelius
835 303 873 335 et
899 299 1054 335 Asinius
1088 301 1121 335 A
1136 312 1159 336 u
1173 312 1198 346 g
1213 312 1236 336 u
1252 312 1268 336 s
1284 301 1363 336 tin
1377 312 1400 335 u
1417 313 1433 337 s
1470 312 1562 346 puer
1597 301 1698 346 apud
1734 301 1849 337 medi-

340 359 473 395 Pollio.

294 418 326 452 A
342 428 358 453 s
374 429 398 452 n
413 428 452 462 a,
487 417 550 452 ubi
587 421 668 453 erat
702 417 902 462 presbyter
937 418 1055 453 frater

339 476 548 522 Argentius
579 476 594 510 I
625 476 703 520 122,
733 476 786 511 19.

294 535 326 569 Α
341 545 358 569 s
377 546 394 570 s
407 545 431 569 u
447 546 464 569 r
478 535 489 569 i
504 539 518 569 t
533 545 556 569 a
569 545 593 569 n
608 545 631 569 u
648 545 664 570 s
701 545 736 570 v.
773 534 1055 570 Praetextatus.

294 601 326 635 A
342 610 359 635 s
375 610 391 635 s
405 610 431 645 y
445 600 526 635 riu
541 610 576 634 m
612 609 802 635 amomum
838 599 955 644 vulgo
991 608 1055 633 na-

342 659 460 694 scitur
486 659 537 693 III
563 659 640 702 114,
666 659 697 693 4.

293 717 633 753 asteriscus:
685 716 940 761 Hieronymus
989 713 1057 750 Iob

342 785 388 812 ex
443 775 590 811 Graeco
644 775 795 819 eloquio
848 775 965 810 vertit
1017 774 1055 809 in

340 834 530 878 Latinum,
565 833 629 869 ubi
664 833 858 869 asteriscis
893 824 1067 876 notavit,

342 903 440 938 quae
466 892 504 927 in
529 892 703 928 Hebraeo
730 895 819 928 sunt
845 895 882 927 et
909 890 1055 927 Graeco

341 952 492 995 desunt,
520 951 697 987 obeliscis
726 954 866 994 autem,
894 961 991 995 quae
1019 950 1056 985 in

336 1009 483 1045 Graeco
503 1009 751 1045 inveniuntur
770 1013 808 1044 et
826 1010 864 1044 in
882 1008 1056 1045 Hebraeo

342 1079 419 1104 non
453 1072 542 1103 sunt
573 1068 608 1102 II
640 1068 719 1111 250,
752 1068 810 1110 103
845 1068 891 1109 ct.
924 1068 1004 1112 316,
1034 1068 1056 1103 3

343 1127 533 1169 (asterisci
557 1130 595 1162 et
619 1126 820 1173 virgulae).
843 1126 924 1171 317,
948 1127 979 1161 1.
1004 1125 1057 1161 ΙΙΙ

341 1186 421 1229 639,
449 1186 472 1222 8
502 1185 633 1229 (editio
663 1184 858 1220 asteriscis
887 1184 1057 1220 veribus-

342 1254 415 1289 que
452 1243 662 1288 distincta).
700 1243 887 1287 asterisci,
924 1243 963 1278 id
999 1245 1058 1279 est

344 1302 477 1338 stellae
513 1302 780 1347 praelucentes
817 1302 851 1336 II
886 1302 966 1346 316,
1002 1302 1057 1337 10.

295 1366 512 1402 Asterius
547 1366 838 1411 hypodiaconus
873 1365 1059 1410 Hierony-

343 1425 394 1460 mi
419 1425 622 1470 epistulam
648 1425 697 1460 ad
723 1425 767 1459 A.
793 1424 1057 1469 perferendam

343 1487 546 1528 acceperat
587 1483 621 1518 II
662 1483 719 1527 67,
760 1485 793 1518 4.
834 1483 971 1518 deinde
1013 1482 1057 1517 A.

343 1541 546 1586 epistulam
597 1542 669 1586 (ep.
717 1540 777 1585 67)
824 1540 1057 1585 Hieronymo

341 1599 507 1634 reddidit
526 1599 560 1634 ΙΙ
579 1599 659 1643 240,
678 1600 699 1634 4
718 1603 756 1635 et
775 1610 821 1634 ex
839 1599 1059 1635 Palaestina

343 1658 494 1693 rediens
545 1657 659 1693 aliam
709 1658 933 1703 Hieronymi
983 1658 1059 1703 epi-

346 1716 484 1751 stulam
511 1717 583 1762 (ep.
608 1716 668 1761 68)
692 1717 738 1751 A.
763 1716 799 1751 II
822 1716 901 1761 264,
924 1717 958 1752 3.
983 1716 1059 1761 epi-

346 1785 485 1820 scopus
514 1775 640 1810 factus
670 1775 704 1810 II
729 1775 810 1819 351,
839 1776 893 1810 15.

298 1833 331 1868 A
347 1844 363 1868 s
379 1836 393 1868 t
408 1844 427 1869 e
443 1844 459 1868 r
474 1833 484 1868 i
500 1844 523 1868 u
539 1844 555 1869 s
593 1833 859 1878 Scythopolita
894 1834 1060 1879 psalmos

346 1891 620 1943 interpretatus
649 1895 708 1927 est
737 1891 772 1926 11
799 1892 879 1936 318,
907 1892 940 1927 9.

298 1959 331 1993 A
346 1962 361 1992 t
375 1958 398 1992 h
413 1968 435 1992 a
449 1968 474 1992 n
488 1968 510 1992 a
526 1967 542 1991 s
558 1957 569 1991 i
583 1967 607 1991 u
623 1966 651 2000 s,
673 1956 876 2001 episcopus
898 1955 1061 1990 Alexan-

346 2016 477 2051 drinus
508 2015 733 2058 catholicus,
762 2014 870 2049 cuius
899 2013 1061 2048 maxime

346 2075 533 2110 adversus
570 2073 755 2108 Arrianos
793 2072 1062 2108 acerrimarum

345 2132 650 2178 disputationum
676 2132 877 2167 conflictus
906 2130 1063 2166 eminuit

348 2191 382 2225 ΙΙ
410 2191 487 2235 114,
517 2191 574 2233 13;
603 2191 649 2231 ct.
677 2190 730 2224 III
755 2191 836 2233 340,
863 2191 895 2225 8.
921 2190 1002 2233 345,
1028 2189 1061 2224 6.

348 2249 400 2284 lV
430 2249 509 2293 492,
540 2250 594 2283 14.
626 2249 736 2293 fugit,
767 2259 852 2283 cum
882 2259 967 2283 eum
998 2248 1062 2283 ad-

347 2307 581 2352 prehendere
620 2306 869 2342 Constantius
906 2308 1063 2350 cuperet

349 2365 554 2410 imperator
582 2365 634 2400 IV
661 2366 741 2408 489,
768 2366 801 2400 4.
829 2365 908 2409 492,
937 2365 990 2400 11.

303 2429 512 2464 Athena
528 2439 558 2472 e,
584 2429 722 2463 civitas
748 2429 941 2464 Minervae
967 2429 1063 2463 eius-

350 2496 422 2530 que
447 2486 591 2521 numini
616 2490 842 2521 consecrata
867 2486 901 2520 ΙΙ
928 2486 1005 2529 134,
1030 2486 1062 2520 4.

303 2547 390 2578 ato
406 2554 479 2578 mu
496 2553 512 2578 s
541 2553 575 2578 v.
604 2543 802 2587 Epicurus.

304 2605 489 2640 Audax
530 2615 587 2649 ep.
629 2604 697 2638 260
737 2603 890 2647 scripsit
930 2602 979 2637 ad
1018 2602 1063 2636 A.

352 2663 412 2698 cui
469 2663 515 2697 A.
574 2661 770 2706 respondit
829 2661 938 2705 epist.
997 2660 1061 2694 261

352 2721 487 2755 nimias
524 2720 605 2755 eius
641 2720 773 2755 laudes
810 2729 992 2754 recusans
1028 2721 1065 2753 et

353 2780 613 2814 hexametrum
649 2788 821 2822 carpens,
857 2788 967 2822 quem
1004 2777 1064 2812 ille

353 2841 498 2882 septem
530 2836 689 2882 pedibus
722 2837 878 2872 fecerat.

1136 363 1332 395 terraneos
1374 363 1486 395 natus
1527 363 1642 404 atque
1682 360 1849 395 nutritus

1136 418 1151 452 I
1178 418 1232 457 17,
1258 419 1311 453 16.
1337 418 1474 453 fratres
1500 421 1538 453 et
1563 422 1741 463 parentes
1768 419 1849 454 eius

1136 476 1407 512 Madaurenses
1429 476 1481 510 IV
1501 477 1581 521 516,
1605 478 1658 511 14.
1681 476 1849 522 Tagaste

1137 535 1300 569 carnalis
1333 534 1457 579 patria
1490 535 1543 569 III
1578 536 1608 578 1,
1642 536 1695 570 17.
1730 535 1762 578 2,
1794 535 1849 570 23.

1138 593 1192 636 13,
1215 594 1249 628 3.
1276 597 1434 628 matrem
1460 593 1507 628 de
1534 593 1682 629 sabbati
1709 593 1849 628 ieiunio

1135 651 1396 695 perturbatam
1430 651 1686 688 sollicitudine
1716 651 1851 687 libera-

1136 709 1201 744 bat
1229 709 1264 744 II
1292 710 1348 754 62,
1378 710 1410 744 4.
1441 710 1519 754 160,
1549 710 1603 745 17.
1632 720 1740 745 soror
1770 710 1850 746 eius

1136 768 1358 803 monasterii
1409 768 1479 803 fuit
1530 769 1749 814 praeposita
1799 769 1851 803 IV

1135 826 1215 870 358,
1254 826 1308 861 19.
1347 825 1571 862 Severinum
1608 827 1850 862 Donatistam

1138 884 1182 919 A.
1217 885 1544 930 consanguineum
1579 885 1672 921 dicit
1706 886 1740 920 ΙΙ
1774 886 1851 920 149.

1139 943 1194 986 19;
1219 943 1413 979 Licentius
1438 954 1601 988 quoque,
1623 943 1851 980 Romaniani

1138 1001 1249 1046 filius,
1286 1001 1570 1046 propinquitate
1610 1002 1739 1047 aliqua
1773 1002 1852 1048 glo-

1139 1060 1227 1095 riari
1250 1060 1403 1095 videtur
1426 1061 1442 1095 Ι
1464 1061 1520 1105 94,
1545 1062 1602 1104 17;
1624 1061 1706 1096 dies
1728 1071 1852 1097 recor-

1138 1119 1261 1161 datur,
1283 1129 1378 1163 quos
1400 1130 1485 1154 cum
1506 1119 1550 1154 A.
1572 1119 1705 1155 Italiae
1727 1119 1851 1155 medio

1138 1177 1249 1212 duxit
1275 1178 1289 1211 Ι
1315 1178 1371 1221 86,
1399 1178 1454 1212 16.
1478 1178 1535 1221 91,
1561 1179 1593 1213 6.

1184 1247 1410 1283 Vincentius
1439 1248 1483 1282 A.
1511 1248 1621 1283 novit
1648 1249 1761 1294 longe
1789 1249 1853 1284 ad-

1139 1306 1212 1341 huc
1241 1317 1264 1341 a
1292 1306 1365 1342 fide
1396 1306 1613 1342 Christiana
1644 1307 1853 1352 sepositum

1138 1368 1176 1400 et
1232 1365 1368 1400 studiis
1424 1365 1513 1400 olim
1568 1366 1739 1401 deditum
1790 1366 1854 1410 ,lit-

1138 1427 1305 1459 terarum
1357 1424 1496 1469 quietis
1549 1428 1587 1460 et
1640 1425 1853 1461 honestatis

1139 1482 1257 1518 fuisse
1290 1483 1475 1518 cultorem
1507 1483 1541 1518 II
1572 1484 1651 1528 494,
1684 1484 1739 1519 22.
1771 1485 1853 1519 rhe-

1139 1541 1299 1576 toricam
1315 1542 1559 1586 partitionem
1575 1553 1658 1578 eum
1675 1542 1853 1578 docuisse

1140 1600 1271 1635 scribit
1302 1600 1536 1636 Volusianus
1567 1601 1620 1635 III
1650 1602 1707 1645 90,
1737 1602 1774 1644 33
1806 1602 1853 1643 cs.

1140 1659 1192 1694 IV
1214 1659 1293 1703 614,
1317 1660 1338 1694 2
1360 1663 1397 1695 et
1419 1670 1467 1695 ne
1489 1660 1679 1705 poeticam
1702 1661 1853 1712 quidem

1140 1718 1381 1763 eloquentiae
1410 1722 1556 1764 partem
1585 1719 1742 1754 tacitam
1769 1730 1854 1755 eum

1140 1780 1207 1811 aut
1236 1776 1462 1812 inhonoram
1490 1777 1688 1822 reliquisse
1718 1778 1771 1812 III
1800 1778 1855 1820 90,

1141 1835 1173 1869 7.
1210 1835 1399 1879 prioribus
1435 1836 1743 1881 quattuordecim
1780 1836 1855 1881 epi-

1143 1893 1252 1928 stulis
1283 1894 1509 1929 adulescens
1540 1895 1584 1929 A.
1615 1894 1857 1939 philosopha-

1142 1955 1203 1985 tur
1226 1962 1311 1986 cum
1335 1952 1654 1997 Hermogeniano,
1678 1952 1855 1995 Zenobio,

1143 2009 1340 2053 Nebridi03
1378 2020 1463 2044 cum
1501 2010 1641 2055 Alypio
1679 2011 1694 2045 Ι
1730 2010 1763 2053 6,
1802 2011 1856 2045 15.

1143 2068 1255 2103 deum
1287 2067 1451 2112 amabat,
1482 2068 1535 2103 illi
1567 2069 1711 2104 servire
1742 2073 1857 2113 atque

1143 2126 1342 2161 inhaerere
1394 2126 1573 2171 cupiebat
1626 2127 1641 2161 I
1695 2127 1750 2171 11,
1803 2127 1856 2161 15.

1142 2186 1330 2230 Ambrosi,
1357 2186 1650 2221 Mediolanensis
1675 2184 1857 2230 episcopi,

1143 2245 1382 2289 potissimum
1440 2255 1504 2280 ore
1562 2244 1610 2279 ab
1667 2243 1856 2279 erroribus

1144 2303 1326 2338 liberatus
1352 2307 1389 2338 et
1415 2302 1463 2337 ab
1487 2313 1531 2338 eo
1556 2302 1773 2347 baptizatus
1799 2305 1857 2337 est

1144 2361 1178 2395 II
1204 2362 1261 2403 62,
1286 2362 1319 2396 3.
1348 2361 1399 2395 III
1425 2361 1505 2404 328,
1533 2361 1586 2396 13.
1613 2360 1857 2395 Pliilastrium

1144 2420 1345 2464 quendam,
1375 2419 1594 2454 Brixensem
1626 2419 1858 2463 episcopum.

1145 2487 1230 2512 cum
1266 2476 1467 2511 Ambrosio
1504 2475 1707 2511 Mediolani
1743 2475 1858 2511 etiam

1145 2535 1226 2578 ipse
1262 2535 1360 2570 vidit
1396 2534 1447 2569 IV
1485 2535 1563 2578 446,
1602 2535 1656 2569 13.
1693 2533 1857 2578 negotiis

1146 2595 1286 2630 civium
1320 2604 1475 2639 operam
1508 2592 1678 2627 navabat
1710 2592 1859 2627 fortitu-

1146 2653 1271 2688 dinem
1304 2652 1357 2687 eis
1389 2654 1588 2696 praestans
1620 2660 1663 2685 ac
1696 2650 1859 2685 toleran-

1147 2713 1238 2748 tiam
1271 2713 1287 2747 Ι
1319 2713 1373 2756 11,
1404 2713 1436 2747 9.
1470 2712 1524 2746 17.
1557 2711 1590 2745 II
1622 2711 1677 2755 22,
1710 2709 1858 2745 10—21.

1146 2773 1278 2818 paucis
1328 2772 1502 2818 agellulis
1552 2771 1721 2816 paternis
1771 2780 1854 2805 con-

1147 2834 1302 2880 temptis
1355 2834 1403 2869 ad
1456 2833 1518 2869 dei
1571 2832 1727 2868 liberam
1783 2842 1858 2867 ser-
