2078 3054
290 151 370 195 116

284 281 637 326 Academiam,
697 281 866 316 scholam
926 291 1044 325 suam,

335 337 545 373 Xenocrati
560 338 748 382 discipulo
764 337 916 382 reliquit
931 337 1040 372 Plato
1061 345 1063 378 ξ

334 397 366 430 ll
402 397 481 440 681,
517 397 549 431 9.
586 396 624 430 111
660 396 891 431 Academiae
927 395 1045 440 Lycio

332 453 366 487 II
412 454 492 496 579,
542 454 558 487 1
608 453 763 497 (Nect.).
814 452 1045 487 Academiae

332 509 530 554 multiplex
578 512 616 544 et
663 509 887 544 continuata
934 519 1046 544 cunc-

333 567 428 602 tatio
462 567 514 601 III
547 567 603 611 91,
636 567 657 601 2
689 568 820 612 (Vol.).

285 634 600 670 Academici
657 635 771 680 longe
827 635 865 669 in
921 635 1046 678 aliam,

332 702 445 736 quam
475 692 592 737 vulgo
624 692 809 726 creditum
839 696 909 736 est,
940 692 1046 727 fuere

335 749 563 784 sentent-iam
587 748 603 782 Ι
626 749 658 791 1,
679 749 711 783 3.
736 748 935 783 Platonica
959 749 1046 783 doc—

333 807 433 841 trina
470 810 605 842 contra
643 806 837 842 inruentes
875 806 1063 842 homines

333 864 446 899 rudes
488 875 573 900 cum
616 864 720 899 nullo
762 864 874 899 modo
917 867 1047 909 posset.

332 923 477 967 liquida
510 933 680 968 puraque
714 922 870 966 servari,
903 922 1047 957 utiliter

332 981 652 1026 excogitaverunt
698 981 918 1016 occultandi
965 981 1046 1015 veri

333 1043 454 1074 artem
490 1044 605 1084 atque
642 1039 829 1074 rationem
867 1038 882 1073 I
922 1039 952 1082 1,
989 1039 1046 1082 113

334 1098 380 1139 cf.
415 1098 449 1132 ΙΙ
481 1098 562 1141 681,
594 1098 650 1132 20.
682 1098 762 1141 683,
795 1098 851 1132 25.
886 1097 1046 1142 siquos

333 1155 504 1189 homines
530 1154 847 1189 Academicorum
873 1165 939 1199 per
964 1165 1046 1189 ver-

334 1211 465 1246 borum
500 1211 694 1256 ingenium
730 1222 752 1245 a
787 1222 911 1246 rerum
947 1221 1047 1246 com-

334 1268 585 1312 prehensione
648 1268 783 1303 terruit
845 1267 1047 1310 sententia,

335 1325 541 1360 reducendi
563 1325 608 1359 A.
630 1321 860 1359 videbantur
882 1324 918 1358 in
941 1335 1046 1369 spem

335 1381 580 1426 reperiendae
633 1381 809 1416 veritatis
863 1381 878 1415 I
930 1381 962 1423 2,
1014 1382 1066 1418 3.1

334 1438 433 1473 idem
476 1438 698 1473 Academici
741 1438 805 1482 qui
848 1425 1065 1481 Platonicist

334 1495 435 1539 quod
464 1495 576 1530 docet
605 1494 823 1534 auditorum
853 1494 936 1539 ipsa
965 1503 1048 1529 suc-

335 1552 457 1587 cessio
494 1552 527 1586 II
560 1551 639 1595 681,
672 1551 704 1586 5.
740 1551 904 1586 fortasse
938 1551 1047 1586 refel-

334 1608 435 1643 lendi
470 1618 588 1643 causa
622 1612 815 1652 tamquam
850 1607 1048 1643 Academi-

334 1677 401 1702 cus
451 1667 678 1701 Anaximeni
726 1666 859 1701 Cicero
908 1665 1049 1700 obiecit

335 1723 495 1758 formam
523 1728 559 1758 et
589 1722 908 1770 pulchritudinem
937 1723 1048 1757 deum

335 1781 473 1817 habere
495 1785 672 1826 oportere
694 1781 803 1825 quasi
826 1773 1046 1825 corpoream

337 1838 502 1883 speciem
534 1838 709 1883 cogitans
742 1837 775 1872 H
807 1838 887 1881 686,
920 1837 974 1872 18.
1063 1846 1066 1902 1

288 1901 545 1946 acceptio
579 1901 682 1936 nulla
715 1901 757 1935 fit
790 1910 1049 1945 personarum,

336 1959 399 1994 ubi
433 1970 510 1994 una
544 1959 751 2004 eademque
787 1968 913 1993 massa
946 1958 1049 1992 dam-

336 2017 502 2053 nationis
539 2022 578 2053 et
614 2017 838 2052 offensionis
874 2016 1049 2059 involvit,

335 2079 377 2109 ut
403 2074 586 2110 liberatus
615 2075 660 2110 de
688 2084 764 2110 non
788 2074 949 2109 liberato
975 2073 1049 2108 dis—

337 2137 399 2167 cat
427 2133 479 2167 IV
508 2131 669 2177 178,’20.

289 2200 551 2241 acceptor
596 2206 844 2241 personarum
888 2205 965 2230 non
1009 2194 1050 2229 fit

336 2255 442 2298 deus,
470 2255 501 2289 si
530 2255 566 2289 in
595 2265 670 2289 una
696 2254 904 2298 eademque
933 2263 1049 2289 causa

342 2323 455 2356 super
497 2313 593 2347 alios
637 2312 744 2347 venit
787 2311 1048 2347 misericordia

337 2370 431 2413 eius,
460 2380 574 2414 super
602 2370 698 2404 alios
729 2373 856 2404 manet
885 2369 940 2404 ira
969 2368 1050 2404 eius

338 2428 389 2462 IV
418 2428 496 2471 200,
528 2428 698 2471 13-203,
726 2428 785 2470 23;
813 2427 859 2468 cs.
890 2428 968 2470 178,
997 2427 1050 2460 14.

291 2497 320 2530 A
339 2496 471 2532 eliab
520 2496 679 2531 abstulit
727 2496 876 2531 labores
925 2487 1051 2530 Nabu-

339 2554 440 2590 thaei
467 2554 519 2589 IV
545 2554 603 2599 36,
630 2555 662 2589 4.

292 2623 323 2658 Α
339 2623 509 2658 0111110
524 2634 546 2658 a
572 2633 665 2658 caro
687 2622 973 2658 invulnerabilis
999 2622 1051 2656 ΙΙΙ

337 2682 416 2725 550,
444 2682 476 2716 4.
498 2677 500 2680 ’

292 2748 415 2778 acta
463 2744 727 2780 ecclesiastica
775 2744 822 2779 ab
871 2744 915 2778 Α.
963 2753 1050 2778 con·

340 2802 452 2840 secta.
491 2802 644 2846 quando
684 2801 752 2836 sibi
792 2811 1068 2837 successorem

958 160 1099 201 index
1122 161 1167 200 V.

1128 279 1243 325 elegit
1296 291 1354 325 ep.
1409 280 1487 316 213.
1542 279 1745 327 episcopus
1799 281 1835 318 in

1127 341 1317 381 potestate
1342 342 1429 373 acta
1452 340 1603 374 concilii
1627 351 1702 375 non
1727 340 1838 376 habe-

1130 394 1498 432 bataeontradicente
1516 397 1675 441 primate
1691 398 1725 432 II
1739 398 1836 442 925.

1061 464 1363 505 ¹Actiacum
1392 464 1532 500 bellum
1560 466 1576 500 Ι
1602 467 1659 509 38,
1689 467 1742 501 11.

1079 533 1355 568 actionum
1409 534 1660 569 saecularium
1715 535 1839 581 caligo

1127 595 1164 625 et
1201 591 1386 627 tumultus
1424 592 1457 626 II
1495 593 1573 636 137,
1611 593 1668 636 163
1704 594 1751 635 cs.
1788 594 1837 628 IV

1128 649 1205 692 134,
1257 650 1310 684 13.
1360 649 1442 694 ipsa
1491 655 1549 685 est
1596 651 1697 686 actio
1746 652 1839 686 recti

1127 706 1286 751 itineris,
1313 718 1410 752 quae
1439 707 1571 743 oculos
1601 718 1749 753 semper
1776 709 1835 743 ha-

1127 765 1189 800 bet
1218 765 1266 799 ad
1285 766 1490 813 ‚dominum
1520 766 1553 800 11
1584 767 1661 810 139,
1691 767 1837 802 15—20.

1129 833 1163 857 v.
1195 823 1358 858 alleluia.
1390 823 1491 858 luna.

1081 896 1101 920 a
1119 890 1204 920 cto
1220 897 1250 920 r:
1275 896 1349 930 qua
1374 887 1575 931 iniquitate
1599 898 1665 932 per
1688 891 1839 922 actores

1128 944 1254 980 miseri
1293 949 1330 979 et
1368 945 1478 990 egeni
1517 945 1688 980 homines
1726 956 1840 980 vexa-

1127 1006 1268 1046 rentur,
1302 1006 1344 1036 ut
1377 1002 1434 1037 bis
1468 1003 1626 1038 reddere
1661 1013 1840 1048 cogeren-

1128 1065 1200 1103 tur.
1231 1060 1333 1104 quod
1364 1060 1546 1095 deberent
1576 1071 1634 1106 ep.
1666 1060 1744 1096 247.

1081 1134 1136 1158 ac
1153 1126 1165 1157 t
1182 1134 1204 1158 11
1221 1134 1237 1158 8
1265 1124 1527 1169 apostolorum
1554 1134 1588 1160 v.
1618 1124 1840 1162 Manichaei.

1086 1192 1239 1228 ida-m
1289 1193 1369 1229 sine
1419 1194 1640 1238 parentibus
1690 1196 1840 1228 creatus

1130 1251 1184 1285 III
1207 1252 1284 1296 280,
1309 1253 1361 1287 11.
1385 1252 1437 1287 810
1462 1252 1531 1286 fuit
1555 1252 1679 1290 1101110,
1702 1256 1741 1286 111
1762 1261 1836 1285 11011

1129 1314 1230 1344 esset
1262 1309 1361 1344 filius
1395 1310 1556 1344 hominis
1590 1309 1643 1343 III
1678 1310 1754 1352 173,
1789 1309 1841 1343 19.

1129 1367 1189 1402 dei
1236 1368 1348 1403 flatus
1397 1368 1433 1402 in
1480 1368 1602 1402 Adam
1648 1370 1715 1402 aut.
1761 1367 1841 1411 ipse

1129 1426 1255 1459 anima
1286 1430 1344 1460 est
1372 1430 1438 1460 aut
1468 1426 1551 1470 ipso
1582 1426 1707 1460 anima
1738 1425 1842 1459 facta

1130 1487 1186 1517 est
1214 1483 1265 1517 IV
1291 1484 1371 1526 339,
1398 1484 1429 1518 4.
1456 1493 1579 1527 neque
1605 1486 1756 1518 creatus
1784 1486 1839 1517 est

1130 1541 1167 1575 in
1199 1551 1312 1576 carne
1346 1541 1493 1585 peccati
1525 1551 1646 1585 neque
1678 1540 1841 1584 aliquem

1129 1598 1261 1643 genuit
1301 1602 1390 1633 ante
1430 1602 1630 1643 peccatum
1671 1598 1724 1631 ΙΙΙ
1764 1598 1842 1633 257.

1131 1658 1160 1691 1.
1208 1656 1289 1692 cius
1336 1657 1463 1691 anima
1508 1660 1597 1691 ante
1643 1659 1841 1700 peccatum

1130 1714 1279 1749 etiamsi
1308 1715 1475 1749 nondum
1505 1714 1674 1758 spiritale
1704 1723 1842 1757 corpus

1130 1772 1197 1807 sed
1230 1772 1391 1806 animale
1425 1776 1553 1807 tamen
1585 1781 1652 1816 pro
1686 1771 1841 1806 arbitrio

1130 1829 1287 1874 regebat
1317 1830 1368 1863 III
1400 1829 1478 1873 256,
1510 1830 1564 1863 14.
1595 1829 1633 1863 in
1664 1828 1841 1874 paradiso

1129 1887 1202 1922 fuit
1241 1891 1329 1922 ante
1367 1877 1567 1932 peccatum
1606 1887 1656 1921 IV
1693 1887 1749 1930 86,
1787 1886 1841 1920 21.

1129 1955 1206 1980 non
1242 1945 1348 1980 cibus
1385 1945 1452 1980 sed
1488 1944 1700 1989 prohibitus
1736 1943 1842 1978 cibus

1131 2013 1215 2038 eum
1256 2003 1419 2047 perdidit
1458 2003 1491 2036 II
1530 2003 1586 2046 41,
1623 2002 1655 2036 9.
1695 2012 1842 2045 semper

1129 2060 1253 2095 tenuit
1287 2060 1477 2095 catholica
1512 2059 1685 2103 ecclesia,
1720 2058 1842 2093 Adam

1064 2154 1066 2163 ,
1130 2119 1202 2153 11181
1234 2120 1444 2162 peccasset,
1475 2128 1552 2152 non
1584 2117 1701 2152 fuisse
1733 2116 1842 2152 mori-

1131 2180 1256 2210 turum
1290 2176 1341 2210 IV
1373 2175 1429 2219 72,
1462 2175 1495 2210 6.
1529 2178 1729 2220 peccatum
1761 2174 1843 2209 eius

1130 2243 1207 2268 non
1242 2232 1366 2277 ipsum
1401 2232 1524 2268 solum
1558 2232 1670 2267 laesit
1704 2231 1771 2266 sed
1806 2234 1843 2266 et

1129 2300 1251 2335 genus
1285 2291 1490 2324 humanum
1523 2289 1575 2323 IV
1609 2289 1664 2332 72,
1698 2290 1730 2323 7.
1765 2288 1843 2333 qui-

1132 2357 1293 2391 cumque
1344 2347 1443 2382 enim
1495 2357 1541 2382 ex
1593 2346 1715 2381 Adam
1767 2355 1842 2380 uno

1131 2404 1239 2439 multi
1277 2404 1316 2438 in
1355 2414 1394 2439 se
1435 2403 1527 2447 ipsis
1566 2402 1684 2438 futuri
1723 2406 1842 2444 erant,

1131 2464 1221 2496 tunc
1263 2461 1308 2495 in⁴
1340 2460 1463 2495 Adam
1503 2470 1601 2494 unus
1642 2463 1750 2494 erant
1792 2458 1842 2493 IV

1131 2518 1187 2561 62,
1210 2518 1264 2552 11.
1287 2527 1352 2562 per
1375 2517 1498 2551 Adam
1519 2526 1650 2552 omnes
1671 2516 1842 2551 homines

1130 2575 1311 2609 mortales
1360 2574 1398 2608 in
1445 2583 1569 2618 poena
1616 2573 1709 2608 facti
1755 2576 1843 2607 sunt

1133 2631 1183 2666 IV
1209 2632 1287 2675 144,
1310 2632 1346 2674 43
1373 2631 1419 2671 cf.
1445 2630 1499 2664 III
1523 2630 1602 2674 575,
1629 2630 1683 2664 16.
1707 2629 1787 2673 633,
1810 2630 1842 2664 9.

1132 2688 1184 2722 1—V
1205 2689 1261 2731 35,
1286 2689 1339 2722 14.
1364 2687 1441 2731 125,
1465 2688 1496 2722 1.
1517 2687 1598 2731 382,
1622 2686 1677 2721 16.
1701 2686 1778 2730 159,
1800 2686 1842 2720 15

1131 2745 1262 2790 (Zea).
1295 2754 1427 2780 omnes
1460 2744 1610 2779 animae
1643 2754 1690 2779 ex
1722 2743 1844 2777 Adam

1132 2802 1286 2836 trahunt
1328 2801 1512 2845 originale
1552 2803 1751 2845 peccatum
1792 2798 1843 2833 IV
