2078 3054
928 86 1067 121 Index
1092 86 1136 121 V.
1719 74 1799 116 281

305 200 549 243 excussisset,
609 206 646 235 ut
709 211 774 235 eas
834 199 1034 234 subderet*

306 258 446 292 Christi
471 258 559 302 iugo
587 257 601 291 1
624 258 679 301 88,
703 258 732 292 1.
757 257 1013 301 Vetustinum‚

307 316 432 359 impiis
461 326 611 360 quoque
640 315 893 350 miserabilem
923 324 1014 358 pue-

308 384 401 417 rum,
445 372 606 407 Paulino
650 372 934 408 commendavit
976 371 1034 416 ΙΙΙ

304 432 336 475 6,
366 431 410 464 22
439 430 648 475 eademque
678 431 715 465 in
746 430 913 474 epistula
940 429 1014 465 Ro-

305 488 524 523 manianum
554 494 590 523 et
622 488 702 523 eius
735 488 851 523 tilium
881 487 1014 523 Licen-

305 546 398 580 tium
429 545 463 579 II
492 547 523 582 7.
554 546 605 580 14.
635 546 733 580 hunc
763 546 801 580 in
827 546 909 581 eius
937 556 1013 580 ma-

305 614 392 638 num
426 603 587 638 tradidit
619 603 906 647 consolandum,
952 613 1013 638 ex-

305 661 546 703 hortandum,
584 661 847 696 instruendum
886 660 902 694 I
937 660 1013 705 101,

306 718 360 752 23.
398 718 597 753 Paulinum
634 718 670 752 in
708 719 751 753 Α.
787 718 923 753 litteris
960 728 1016 752 sa-

304 776 444 810 lutavit
473 776 648 820 Severus,
670 776 884 820 ,episcopus
912 775 1014 811 Mile-

305 834 461 868 vitanus
489 833 524 867 II
551 833 581 877 8,
607 834 639 868 5.

352 891 535 926 Paulinus
574 895 612 928 et
648 891 811 936 Alypius
851 901 886 926 v.
925 891 1014 936 Aly-

305 949 402 992 pius.
431 948 615 983 Paulinus
644 948 840 994 Pelagium
869 953 910 984 ut
939 959 1014 984 ser-

305 1017 394 1040 vum
427 1006 487 1041 dei
519 1006 652 1041 dilexit
681 1006 733 1040 IV
762 1007 817 1050 45,
848 1006 879 1041 9.
910 1005 1016 1041 Pela-

305 1063 390 1107 gius
417 1064 465 1099 ad
493 1064 694 1099 Paulinum
719 1063 869 1099 litteras
895 1063 1034 1108 dedit,¹

306 1122 368 1156 ubi
401 1122 552 1157 dicebat
586 1132 660 1157 non
696 1132 735 1157 se
767 1122 904 1157 debere
936 1118 1034 1157 exi?

307 1179 452 1214 stimari
495 1180 575 1215 sine
617 1179 743 1224 gratia
783 1179 844 1214 dei
885 1179 1014 1215 defen-

306 1237 395 1272 dere
421 1237 580 1272 liberum
606 1237 804 1272 arbitrium
828 1236 879 1271 IV
904 1237 959 1281 46,
982 1237 1013 1272 8.

307 1299 504 1337 peccatum
557 1294 743 1339 originale
795 1295 1014 1339 deploravit

307 1351 489 1386 Paulinus
522 1352 573 1386 IV
607 1352 661 1395 78,
693 1352 747 1387 20.
782 1363 856 1397 quo
891 1352 1014 1387 Pauli-

306 1419 376 1443 nus
422 1409 496 1444 frui
541 1410 749 1453 putabat-ur
795 1410 885 1454 otio,
932 1410 1013 1445 eius

305 1468 580 1510 occupationes
630 1467 872 1504 incredibiles
921 1480 1014 1503 nun-

306 1524 424 1560 tiatae
449 1529 536 1560 sunt
559 1525 602 1560 A.
626 1525 660 1559 II
683 1526 761 1563 513.
786 1526 838 1561 19.
862 1525 1012 1560 Paulini

305 1583 496 1618 modestia
524 1583 540 1617 Ι
570 1584 624 1626 77,
655 1584 686 1618 9.
719 1584 774 1628 80,
805 1584 928 1628 1-81,
960 1584 1012 1619 13.

307 1640 360 1683 82,
398 1640 450 1675 12.
486 1640 521 1674 II
556 1641 634 1683 497,
668 1641 700 1676 5.
736 1641 812 1685 504,
848 1642 899 1676 13.
936 1641 1013 1685 505,

307 1698 360 1732 22.
401 1709 485 1733 cum
526 1698 686 1733 Paulino
726 1699 807 1734 eius
847 1699 1012 1733 coniunx

305 1754 490 1790 Therasia
533 1760 830 1791 commemorata
873 1760 932 1791 est
977 1756 1014 1790 in

308 1813 621 1856 inscriptionibus
656 1823 742 1858 epp.
780 1814 834 1848 24.
870 1814 924 1849 25.
959 1814 1013 1849 30.

307 1870 362 1904 31.
398 1870 455 1905 32.
492 1871 546 1904 42.
585 1871 639 1905 45.
677 1871 732 1905 80.
769 1871 823 1905 94.
860 1872 916 1915 95,
953 1870 1017 1906 ubi

307 1927 380 1970 ipsi
416 1932 637 1973 peccatores
673 1939 711 1964 se
746 1939 885 1964 vocare
920 1929 1014 1964 sole-

309 1985 400 2019 bant
423 1985 439 2019 I
461 1986 515 2029 73,
538 1986 569 2020 6.
591 1986 645 2029 78,
667 1986 698 2021 6.
723 1986 799 2030 123,
823 1987 854 2021 3.
878 1986 913 2020 ΙΙ
935 1987 1013 2030 497,

308 2043 343 2080 4:
367 2043 412 2083 ct.
436 2042 451 2076 Ι
474 2043 528 2086 76,
547 2044 602 2078 20.
625 2045 679 2087 77,
700 2044 731 2078 9.
753 2044 808 2087 80,
830 2045 860 2079 2.
883 2044 937 2088 81,
961 2044 1012 2078 11.

308 2100 507 2145 coniugem
539 2105 665 2136 autem
695 2110 770 2136 non
801 2102 935 2137 ducem
966 2102 1015 2137 ad

308 2157 505 2192 mollitiem
534 2158 617 2193 viro
646 2169 713 2193 suo
742 2159 795 2194 ait
825 2159 867 2194 A.
896 2159 1013 2194 fuisse

309 2215 374 2249 sed
406 2215 453 2250 ad
485 2215 744 2251 fortitudinem
776 2217 950 2252 reducem
976 2218 1017 2259 ,in

309 2282 398 2306 ossa
420 2272 491 2307 viri
517 2273 574 2307 sui
596 2273 611 2307 I
634 2274 688 2317 97,
713 2274 766 2308 15.

355 2329 398 2364 In
431 2340 489 2373 ep.
525 2331 590 2365 149
623 2331 671 2366 ad
704 2331 903 2369 Paulinum
938 2332 1015 2376 epi-

310 2397 464 2430 scopum
510 2388 599 2422 (lata
646 2388 687 2423 Α.
733 2388 875 2424 salutat
919 2390 1015 2424 duos

309 2444 405 2479 alios
456 2444 647 2487 Paulinos,
699 2446 762 2491 qui
816 2457 899 2482 cum
951 2447 1014 2482 illo

309 2505 432 2536 erant:
471 2502 566 2537 alter
603 2507 660 2537 est

263 2550 543 2598 Pa'ulinus.
575 2564 638 2607 qui
670 2564 768 2598 tilius
801 2565 836 2598 in
868 2560 1035 2599 Christo

309 2619 552 2655 dulcissimus
599 2625 759 2656 vocatur
805 2626 841 2656 et
889 2623 1016 2657 turbu-

309 2676 523 2712 lentissima
570 2682 798 2722 tempestate
847 2679 885 2714 in
932 2690 1036 2729 por-1

299 2733 388 2769 'tum
435 2739 619 2779 exceptus
666 2746 689 2770 a
734 2736 893 2771 Paulino
939 2737 1037 2786 epi-l

1099 210 1216 244 scopo
1258 201 1495 236 nutriebatur
1535 200 1586 235 III
1627 202 1704 245 379,
1749 202 1803 245 173

1098 257 1195 293 alter

1032 357 1034 366 ι
1052 337 1081 371 Ρ
1096 348 1119 372 a
1133 337 1246 372 ulin
1261 349 1285 373 u
1300 349 1316 373 s
1342 339 1542 384 presbyter
1570 339 1622 373 lII
1647 340 1724 383 380,
1753 340 1805 374 10.

1052 412 1252 449 Paulus
1280 414 1386 458 prius
1416 414 1552 450 Saulus
1579 415 1615 449 II
1645 416 1722 459 449,
1751 415 1804 450 18.

1099 470 1151 505 IV
1177 472 1233 516 20,
1260 472 1314 507 24.
1340 471 1494 507 Saulum
1522 477 1804 517 persecutorem

1099 528 1205 564 Iesus
1234 540 1327 565 voce
1355 530 1541 565 mactavit
1566 534 1604 566 et
1631 531 1669 565 in
1697 540 1804 565 suum

1099 596 1249 631 corpus,
1283 588 1385 632 quod
1419 592 1477 623 est
1510 588 1682 633 ecclesia,
1717 588 1807 623 trai-

1100 644 1204 679 ciens
1242 645 1407 690 quodam
1447 646 1560 680 modo
1602 646 1806 682 manduca-

1100 701 1156 735 vit
1206 701 1240 736 II
1292 702 1370 745 206,
1422 702 1476 737 11.
1529 703 1667 738 Christi
1716 714 1806 738 vox:

1101 758 1236 803 ‘Saule‚
1280 759 1403 804 Saule,
1446 760 1537 805 quid
1580 771 1638 796 me
1680 771 1806 805 perse-

1101 816 1262 860 queris?‘
1315 827 1392 851 vox
1446 821 1502 852 est
1558 818 1595 852 in
1648 819 1810 853 ecclesia

1100 874 1283 917 patientis
1315 874 1369 909 III
1402 875 1479 919 169,
1512 876 1546 919 73
1582 876 1628 917 cf.
1662 875 1697 910 II
1728 876 1806 920 206,

1100 932 1152 966 11.
1184 932 1325 967 Paulus
1356 932 1541 968 ecclesiae
1571 932 1712 968 Christi
1743 943 1808 978 po-

1100 993 1183 1024 stea
1204 1000 1365 1035 magnus
1389 990 1611 1026 aedificator
1635 992 1701 1027 sed
1724 991 1807 1026 hor-

1099 1047 1240 1082 rendus
1281 1051 1397 1083 antea
1435 1052 1609 1083 vastator
1660 1048 1712 1083 IV
1752 1049 1806 1092 20,

1099 1104 1153 1139 24.
1201 1106 1240 1140 in
1288 1105 1407 1141 Paulo
1457 1116 1667 1152 agnoscere
1717 1106 1807 1142 licet

1099 1163 1206 1206 prius
1260 1167 1460 1208 cogentem
1514 1163 1705 1199 Christum
1770 1168 1808 1199 et

1099 1224 1236 1264 postea
1275 1221 1487 1266 docentem,
1526 1222 1633 1266 prius
1671 1222 1807 1257 ferien—

1098 1282 1174 1313 tem
1212 1282 1250 1314 et
1285 1283 1422 1323 postea
1457 1279 1718 1315 consolantem
1755 1279 1807 1313 IV

1099 1336 1154 1381 21,
1190 1336 1242 1371 11.
1278 1336 1332 1380 22,
1369 1337 1420 1371 19.
1457 1336 1599 1371 Paulus
1634 1337 1806 1372 minister

1099 1394 1190 1429 novi
1224 1394 1445 1430 testamenti
1477 1394 1531 1428 ΙΙΙ
1561 1395 1639 1439 475,
1669 1395 1701 1439 6,
1731 1405 1807 1430 non

1100 1452 1220 1487 solum
1252 1452 1311 1486 vir
1343 1463 1475 1487 verum
1508 1452 1622 1487 etiam
1655 1453 1807 1497 dispen-

1100 1513 1204 1544 sator
1230 1510 1394 1545 maxime
1422 1509 1556 1554 fidelis,
1582 1521 1658 1545 non
1685 1510 1806 1545 solum

1099 1568 1274 1611 cognitor
1323 1578 1456 1603 verum
1508 1568 1622 1603 etiam
1673 1568 1807 1603 doctor

1099 1625 1276 1660 veritatis
1314 1625 1348 1659 ΙΙ
1385 1625 1463 1669 378,
1502 1625 1556 1660 24.
1592 1636 1716 1661 rerum
1754 1626 1807 1660 in-

1099 1682 1306 1718 visibilium
1377 1687 1491 1728 atque
1565 1687 1806 1719 aeternarum

1099 1739 1210 1775 tidem
1265 1740 1442 1787 gentibus
1499 1742 1807 1784 praeseminabat

1100 1797 1134 1831 ΙΙ
1166 1798 1243 1842 684,
1278 1798 1329 1833 14.
1362 1798 1692 1842 praeclarissimus
1724 1809 1807 1843 gra-

1100 1855 1175 1891 tIae
1205 1856 1492 1891 commendator
1519 1860 1557 1892 et
1582 1856 1808 1901 magnificus

1100 1913 1279 1948 defensor
1303 1913 1356 1947 IV
1381 1914 1435 1957 57,
1462 1914 1516 1948 24.
1544 1914 1620 1957 129,
1646 1914 1701 1948 20.
1730 1914 1807 1956 191,

1100 1971 1121 2004 6
1146 1970 1192 2005 de
1219 1970 1344 2015 gratia
1371 1971 1432 2006 dei
1459 1981 1526 2015 per
1553 1971 1677 2006 Iesum
1704 1971 1807 2006 Chri-

1101 2032 1198 2063 stum
1233 2028 1353 2063 multa
1385 2033 1420 2063 et
1454 2028 1717 2072 multipliciter
1750 2034 1808 2064 est

1100 2085 1250 2120 locutus
1277 2085 1329 2120 IV
1359 2086 1434 2130 177,
1463 2087 1495 2121 3.

1146 2162 1201 2198 De
1233 2163 1352 2199 Paulo
1384 2164 1537 2199 Petrum
1569 2164 1808 2209 obiurgante,

1101 2220 1200 2264 quod
1244 2225 1377 2265 gentes
1422 2225 1576 2266 cogeret
1621 2222 1812 2256 iudaizare

1102 2277 1116 2311 I
1147 2278 1222 2321 108,
1254 2278 1422 2322 11—112,
1451 2280 1483 2313 4.
1512 2278 1546 2313 II
1577 2279 1631 2323 71,
1662 2279 1807 2322 12-77,

1103 2336 1154 2370 13.
1184 2335 1260 2379 285,
1290 2336 1438 2379 9—314,
1468 2336 1520 2370 12.
1552 2336 1629 2379 354,
1659 2336 1807 2378 3—381,

1101 2393 1131 2427 2.
1161 2392 1215 2426 III
1239 2394 1317 2436 699,
1347 2394 1515 2437 14—700,
1541 2394 1572 2428 6.
1601 2403 1677 2428 non
1705 2397 1807 2429 recte

1101 2451 1238 2494 agebat
1268 2451 1337 2485 hoc
1366 2451 1514 2495 Petrus,
1543 2451 1644 2496 quod
1673 2455 1808 2496 gentes

1101 2508 1260 2551 cogebat
1309 2508 1501 2544 iudaizare
1549 2507 1584 2542 II
1630 2509 1707 2551 357,
1755 2508 1807 2542 16.

1101 2564 1356 2610 Hieronymus
1404 2576 1473 2601 nec
1520 2565 1674 2601 Petrum
1723 2575 1808 2609 pec-

1101 2632 1208 2657 casse
1273 2623 1452 2658 censebat
1516 2633 1584 2658 nec
1648 2623 1806 2658 Paulum

1101 2680 1314 2723 procaciter
1347 2680 1520 2725 arguisse
1556 2680 1738 2716 maiorem
1772 2680 1807 2714 II

1101 2737 1179 2782 287,
1207 2737 1260 2772 12.
1287 2742 1376 2773 ante
1404 2737 1620 2782 apostolum
1647 2737 1803 2773 Paulum
