2078 3054
343 159 423 192 LYl
994 155 1237 189 Praefatio.

342 289 368 317 a
391 275 430 316 ΙΙ
463 275 488 315 3
522 273 631 315 inter
663 273 857 315 meliores
890 276 931 314 et
962 271 1192 314 deteriores
1225 271 1373 314 harum
1406 272 1682 327 epistularum
1706 273 1872 316 codices

341 339 468 380 talem
509 338 646 379 locum
693 336 899 388 obtinent,
946 340 994 377 ut
1034 334 1148 377 haud
1190 349 1284 377 raro
1325 348 1419 378 cum
1460 335 1544 378 illis
1586 338 1870 393 congruant,¹)

342 402 512 457 saepius
551 400 606 442 ad
644 400 720 442 hos
757 399 962 442 inclinent
998 400 1225 454 praecipue
1263 399 1570 442 Escorialensis
1601 400 1636 441 δι
1667 399 1684 440 Ι
1720 400 1785 443 14.
1827 400 1870 443 in

342 465 522 521 epistula
544 463 593 505 81
621 469 844 517 utrumque
867 462 1059 505 codicum
1082 476 1160 518 par
1182 468 1374 505 extrema
1395 467 1515 518 parte
1536 462 1636 505 inde
1663 476 1690 506 a
1710 477 1749 518 p.
1774 465 1871 522 351,

341 531 368 571 4
400 533 514 571 caret
553 533 593 570 et
631 527 949 583 epistulam62
989 527 1158 581 magnis
1199 527 1362 568 lacunis
1402 526 1681 569 deformatam
1713 526 1874 570 habent

342 606 480 647 neque
527 597 670 633 tamen
716 590 891 643 eisdem,
938 603 1036 632 nam
1083 589 1206 633 deest
1251 590 1294 631 in
1341 590 1459 632 libris
1506 590 1871 648 Escorialensibus

341 671 380 712 p.
404 658 502 709 353,
541 657 586 696 11
624 655 814 698 adserere
846 679 900 685 -—
933 654 1030 707 356,
1056 654 1110 695 22
1132 655 1357 707 scripserit,
1371 655 1403 704 2)
1436 654 1477 695 in
1501 653 1708 708 Augiensi
1729 660 1871 697 autem

342 726 383 763 et
414 719 703 764 Einsidelensi
725 733 765 774 p.
790 718 888 771 362,
916 719 936 759 1
971 719 1221 773 coyebantur
1253 743 1306 748 —
1340 716 1436 770 368,
1463 717 1484 757 7
1522 717 1573 758 ab
1596 722 1638 759 et
1661 731 1701 773 p.
1725 718 1822 772 375,
1847 719 1872 758 2

342 799 418 839 quo
450 799 533 827 non
564 808 617 815 -—
652 783 747 835 382,
786 784 804 822 1
840 782 1033 836 epistula.
1047 781 1081 837 ³)

399 848 596 901 Denique
629 852 705 899 est,
739 846 852 901 quod
884 859 1208 889 commemorem
1241 846 1282 887 in
1304 845 1412 887 libro
1434 844 1716 888 Escorialensi
1736 859 1762 887 a
1783 846 1823 888 II
1847 847 1872 888 3

342 913 496 955 multas
517 911 885 966 interpretationes
907 910 1083 963 alienas,
1116 922 1246 964 saepe
1267 910 1399 951 verba
1420 913 1584 950 tantum
1605 907 1718 951 idem
1741 910 1873 964 signi-

341 977 514 1018 ficantia
544 975 725 1030 margini
757 973 973 1029 adscripta
1005 986 1112 1025 esse,
1156 987 1264 1027 quae
1301 973 1342 1015 in
1378 972 1728 1015 commentarium
1760 974 1872 1016 criti-

344 1054 438 1083 cum
472 1040 660 1094 recipere
693 1038 895 1090 solebam,
933 1038 1016 1079 nisi
1048 1037 1083 1080 si
1114 1037 1411 1081 adnotationes
1443 1041 1563 1080 erant
1594 1037 1871 1083 verbosiores

401 1104 569 1155 Quibus
601 1103 808 1159 expositis
840 1101 1026 1157 addendi
1059 1106 1159 1144 sunt
1190 1102 1351 1155 aliquot
1382 1101 1563 1154 codices,
1596 1102 1668 1156 qui
1700 1114 1754 1143 ex
1786 1102 1872 1157 epi-

343 1169 478 1221 stulis,
510 1167 564 1210 de
595 1167 751 1221 quibus
783 1166 963 1222 agimus,
996 1165 1278 1221 paucissimas
1309 1170 1474 1207 tantum
1508 1167 1739 1209 continent.
1771 1179 1873 1220 quo-

341 1247 433 1275 rum
465 1231 791 1285 antiquissimus

400 1295 766 1338 Ambrosianus
798 1293 967 1350 0210
1000 1307 1101 1349 sup.
1145 1307 1255 1337 saec.
1285 1293 1366 1335 VII
1408 1294 1592 1349 scriptus
1633 1295 1745 1337 solas
1786 1293 1872 1349 epi-

343 1360 476 1403 stulas
512 1360 593 1400 166
626 1364 667 1401 et
701 1359 750 1400 17
760 1360 782 1398 2
813 1357 944 1401 habet
975 1371 1134 1411 easque
1162 1370 1215 1400 ex
1238 1357 1398 1412 optimo
1420 1357 1539 1400 fonte
1561 1371 1657 1400 eum
1679 1346 1876 1400 hausisse

343 1423 595 1480 putaverim,
638 1427 685 1465 ut
715 1423 828 1465 omni
862 1421 1202 1465 consideratione
1233 1420 1391 1476 dignus
1422 1421 1637 1469 videatur.
1674 1421 1749 1464 sed
1780 1425 1875 1477 per-

344 1501 500 1542 magna
546 1486 808 1538 mendorum,
861 1485 1251 1541 interpotafionum,
1302 1486 1554 1529 lacunarum
1604 1485 1877 1529 multitudine

342 1553 524 1595 refertus
562 1556 639 1603 est,
683 1564 767 1604 quo
805 1550 913 1593 fides
948 1549 1061 1592 haud
1098 1563 1246 1605 parum
1285 1550 1583 1592 labefactetur.
1635 1550 1781 1604 itaque
1813 1550 1878 1591 vir

342 1615 493 1659 doctus
534 1615 689 1668 aliquis
730 1613 968 1669 corrigendi
1010 1613 1197 1657 laborem
1240 1613 1429 1669 suscepit
1470 1627 1604 1667 eoque
1651 1613 1877 1670 diligenter

345 1680 610 1733 scienterque
643 1678 992 1734 perfungebatur.
1027 1691 1111 1720 non
1144 1677 1214 1719 ille
1246 1676 1417 1731 quidem
1449 1678 1554 1720 libro
1586 1691 1663 1721 ms.
1696 1678 1875 1721 instruc-

344 1749 426 1796 tus,
459 1743 534 1786 sed
567 1743 657 1786 sola
687 1742 729 1784 in
763 1743 1007 1785 coniectura
1038 1741 1207 1784 videtur
1238 1741 1328 1783 niti.

403 1808 450 1850 In
484 1806 627 1849 codice
661 1805 892 1848 Parisino
912 1802 1056 1846 ‘1862
1088 1805 1265 1847 eaedem
1297 1805 1461 1847 litterae
1492 1805 1762 1860 reperiuntur
1784 1818 1875 1848 sae-

332 1872 439 1915 culo
471 1872 534 1913 IX
575 1871 773 1926 scriptae,
816 1883 925 1924 quae
967 1874 1008 1911 et
1044 1869 1165 1925 ipsae
1204 1875 1248 1911 ut
1288 1868 1473 1911 melioris
1505 1866 1605 1912 sunt
1636 1874 1775 1922 notae,
1818 1869 1878 1911 ita

344 1936 460 1979 vitiis
501 1930 689 1977 minime'
717 1939 874 1977 carent.
908 1933 993 1976 sed
1036 1933 1160 1975 tertia
1203 1946 1371 1987 quoque
1413 1933 1524 1975 inest
1569 1933 1752 1988 epistula
1797 1932 1873 1972 167

344 2001 426 2043 illis
468 1999 635 2042 duabus
678 1998 942 2053 interposita,
986 1997 1142 2052 quibus
1184 1997 1429 2052 integritate
1470 1997 1602 2038 multo
1649 1996 1875 2038 antecellit.

346 2078 443 2106 nam
475 2077 559 2105 non
593 2062 784 2105 eiusdem
816 2062 986 2117 generis
1015 2066 1081 2104 est
1101 2066 1230 2115 atque
1252 2061 1363 2113 illae,
1397 2060 1471 2103 sed
1495 2074 1548 2102 ex
1571 2059 1715 2102 codice
1737 2060 1878 2114 aliquo

344 2127 611 2183 Eugippiano
643 2126 843 2168 manavit.
877 2125 1115 2181 Eugippius
1147 2125 1260 2167 enim
1292 2125 1516 2180 epistulam
1553 2124 1632 2165 167
1666 2128 1797 2166 totam
1830 2124 1873 2165 in

349 2206 427 2236 sua
459 2192 670 2246 Excerpta
712 2190 871 2245 recepit
912 2195 954 2232 et
995 2189 1047 2231 de
1079 2189 1386 2244 Excerptorum
1422 2188 1565 2242 aliquo
1608 2187 1752 2230 codice
1793 2201 1876 2230 non

347 2255 547 2299 mediocri
577 2255 835 2310 transcripta
867 2258 931 2296 est
962 2254 1005 2295 in
1038 2253 1278 2296 Parisinum
1314 2250 1487 2308 18624)

409 2374 436 2415 ¹)
462 2370 638 2415 Exemplo
663 2370 712 2405 sit
737 2370 896 2414 epistula
924 2372 998 2413 172,
1037 2369 1101 2404 ubi
1135 2379 1217 2403 cum
1243 2368 1389 2403 codices
1415 2367 1584 2402 meliores
1612 2370 1649 2402 et
1674 2367 1878 2402 deteriores

348 2424 503 2459 maxime
535 2423 610 2458 sint
641 2422 814 2458 disiuncti
841 2421 902 2466 (cf.
928 2422 1078 2456 lacunas
1104 2432 1138 2466 p.
1157 2423 1233 2465 636,
1260 2423 1298 2463 4;
1331 2424 1369 2463 5;
1403 2422 1480 2463 639,
1507 2420 1554 2465 3),
1605 2419 1878 2454 Escorialenses

350 2487 431 2511 cum
458 2475 530 2510 illis
555 2475 770 2520 plerumque
797 2474 1002 2509 concinunt.

406 2528 434 2574 ⁹)
462 2527 625 2562 Priorem
644 2526 753 2561 huius
771 2526 840 2561 loci
866 2530 1006 2571 partem
1034 2527 1178 2571 (p.353,
1199 2529 1238 2563 11
1267 2525 1428 2561 adserere
1456 2545 1495 2548 —
1523 2526 1599 2566 354,
1630 2525 1670 2558 17
1698 2524 1766 2568 leyz·
1784 2525 1877 2566 tuos)

348 2591 420 2616 non
446 2579 592 2615 omnino
618 2579 747 2614 deesse
773 2579 838 2613 scd
864 2579 984 2613 alieno
1010 2578 1091 2613 loeo
1118 2578 1152 2612 in
1181 2589 1214 2622 p.
1235 2579 1314 2619 358,
1340 2580 1360 2613 2
1387 2580 1470 2621 post
1496 2575 1610 2611 verba
1642 2581 1766 2611 contra
1793 2586 1880 2620 quos—

349 2633 522 2668 insertam
550 2642 629 2667 esse
655 2631 764 2666 modo
790 2631 961 2666 diximus.

405 2685 434 2728 ³)
461 2685 503 2719 In
535 2684 662 2719 eadem
697 2683 856 2727 epistula
881 2694 913 2728 p.
933 2685 1010 2726 376,
1041 2686 1080 2719 14
1108 2683 1223 2718 verba
1249 2684 1462 2718 Ambrosius
1489 2681 1576 2726 quid
1604 2683 1722 2715 noster
1747 2679 1815 2714 soli
1842 2679 1877 2714 hi

350 2740 525 2782 quattuor
551 2735 697 2771 codices
723 2739 941 2771 conservata
968 2735 1116 2778 habent,
1145 2735 1179 2769 in
1206 2735 1338 2770 ceteris
1365 2735 1508 2769 desunt.

402 2791 430 2833 ⁴)
455 2788 510 2824 Cf.
529 2800 563 2833 p.
583 2790 660 2832 587,
689 2790 746 2832 18;
780 2791 857 2832 595,
887 2791 945 2824 16:
979 2790 1057 2830 597,
1086 2790 1144 2831 13;
1171 2790 1249 2830 599,
1279 2790 1313 2831 1;
1347 2789 1425 2831 600,
1453 2788 1511 2828 12ς
1544 2787 1622 2828 602,
1649 2786 1688 2827 3;
1715 2786 1773 2823 16:
1800 2787 1878 2821 604.

353 2844 409 2879 10:
443 2843 502 2883 11;
535 2843 612 2885 609,
645 2843 682 2884 8;
716 2843 758 2878 10
790 2841 835 2875 al.
877 2861 915 2865 -
955 2840 1080 2876 Codex
1115 2850 1262 2885 quoque
1289 2839 1476 2876 Parisinus
1505 2839 1593 2876 1863
1625 2845 1719 2872 saec.
1740 2836 1876 2874 X-XI
