2078 3054
272 125 325 163 '34
900 135 1041 170 Index
1067 134 1143 168 III.

415 252 587 296 Epistula
620 253 665 287 77
696 255 732 287 ct
762 252 807 287 78
839 262 883 286 eo
915 251 1013 286 inter
1044 261 1084 287 se
1114 251 1267 286 iunctae
1299 256 1398 289 sunt.
1429 252 1531 297 quod
1563 252 1599 286 in
1632 258 1792 298 utraque

272 311 441 346 lumitati
461 315 500 346 et
519 310 609 354 Spei
628 320 747 345 causa
768 314 970 345 tractatur.
1001 313 1117 354 :itque
1138 309 1243 354 prior
1264 313 1323 345 est
1343 310 1509 354 epistula
1532 311 1588 348 77.
1612 311 1793 356 quoniam

273 370 308 403 in
334 369 401 403 linc
427 368 667 413 Augustinus
694 367 865 403 Bonifati
896 378 1033 402 nomen
1062 368 1109 403 de
1138 377 1297 403 numero
1326 369 1640 413 presbyterorum
1670 379 1793 414 neque

270 427 398 462 delere
424 437 547 471 neque
574 426 813 470 supprimere
840 436 880 461 se
906 426 1048 460 audere
1076 425 1213 470 dicit,¹)
1240 425 1280 460 in
1305 425 1372 460 illa
1397 437 1488 460 zero
1515 427 1623 461 addit
1652 437 1691 462 se
1717 437 1793 462 non

270 485 482 527 adversari,
522 484 553 518 si
592 484 774 528 placeret,
812 488 854 518 ut-
894 494 1033 518 nomen
1072 483 1154 519 eius
1193 494 1240 519 ex
1280 483 1506 519 clericorum
1545 485 1678 519 tabula
1717 495 1793 519 non

269 542 540 586 i·ecit:11·etur.‘-’)
594 546 748 585 tempus
789 546 918 577 autem
961 541 1213 585 epistularum
1258 552 1303 577 eo
1346 542 1607 578 cirmmscribi
1653 547 1794 588 potest,

270 600 370 644 quod
400 600 564 645 legimus
600 600 639 634 in
673 610 709 644 p.
743 600 822 641 342,
856 600 983 635 9-12.
1017 600 1081 635 ubi
1115 599 1162 635 de
1196 600 1308 644 lapsu
1345 601 1508 635 duorum
1542 600 1793 636 diaconorum

268 657 481 701 disseritur,
533 658 597 703 qui
645 669 692 693 ex
740 663 850 700 parte
899 658 1041 693 Donati
1089 662 1280 693 venerant
1326 662 1441 703 atque
1490 669 1537 693 ex
1587 658 1790 702 disciplina

269 715 500 760 Proculiani,
532 716 707 760 episcopi
738 716 968 753 Donatistae
1000 716 1290 760 Hipponiensis
1337 716 1391 751 illi
1424 717 1523 751 enim
1557 717 1712 753 diaconi
1747 717 1795 752 ab

272 774 487 817 Augustino
516 774 554 808 in
583 784 652 809 suo
680 774 840 819 quisque
871 774 1014 809 honore
1041 774 1212 818 suscepti
1240 778 1340 808 sunt.
1368 774 1406 808 id
1435 774 1535 818 quod
1564 785 1611 809 ex
1639 775 1795 810 decreto

270 833 422 867 concilii
450 832 769 878 Carthaginensis
798 833 929 868 Idibus
958 833 1247 876 Septembribus
1276 844 1309 868 a.
1340 834 1405 867 401
1436 833 1556 868 habiti
1588 834 1794 879 unicuique

269 891 452 934 episcopo
493 901 561 926 suo
598 891 787 926 arbitratu
824 892 951 926 facere
988 891 1218 935 permissum
1256 891 1358 936 est³)
1398 895 1437 926 et
1473 891 1716 936 Augustinus
1755 892 1794 926 in

269 948 437 992 epistula
466 949 509 983 61
542 958 579 992 p.
612 949 691 993 224,
725 950 862 984 14-17
896 960 935 984 se
968 949 1160 984 facturum
1194 959 1278 985 esse
1312 949 1596 993 pronuntiavit3
1630 954 1670 985 et
1704 949 1795 984 Pro-

268 1006 443 1042 culia-nus
477 1017 554 1042 non
586 1007 688 1044 infra
717 1018 751 1042 a.
782 1008 851 1042 408
881 1011 1056 1042 mortuus
1086 1007 1188 1051 est.⁴)
1235 1007 1365 1053 itaque
1399 1007 1590 1052 epistulae
1625 1008 1793 1051 scriptae

269 1069 359 1100 sunt
384 1064 486 1100 intra
516 1076 549 1100 a.
581 1065 778 1100 401—408.

409 1123 588 1167 Epistula
615 1125 659 1159 79
689 1124 770 1159 sine
801 1124 1053 1167 inscriptione
1084 1124 1195 1160 nobis
1224 1124 1369 1159 tradita
1399 1134 1477 1159 non
1509 1124 1623 1160 habet
1655 1134 1794 1160 nornen

268 1181 360 1225 eius,
392 1182 441 1217 ad
473 1192 586 1227 quem
617 1182 710 1217 data
742 1186 812 1227 est,
844 1183 910 1218 sed
944 1182 1210 1218 Manichaeum
1243 1182 1374 1227 fuisse,
1407 1193 1518 1228 quem
1553 1182 1794 1228 Augustinus

268 1239 318 1273 ad
346 1240 650 1283 disputationem
688 1245 887 1284 provocat,
925 1251 1157 1285 quamquam
1193 1240 1316 1284 ipsius
1350 1241 1642 1285 provocationis
1676 1242 1796 1276 verba.

269 1296 559 1341 interciderunt,
587 1298 682 1332 satis
712 1302 845 1342 patere
875 1299 1044 1334 videtur:
1073 1309 1162 1334 nam
1192 1300 1225 1333 si
1252 1301 1413 1343 paratas
1440 1309 1493 1340 03,
1522 1298 1657 1343 inquit.
1685 1299 1794 1334 solz-e

268 1357 547 1400 quaestionem,
572 1357 610 1391 in
639 1367 714 1401 qua
738 1356 883 1397 defecit
907 1367 1135 1402 praecessor
1161 1360 1249 1392 tuus
1277 1357 1529 1398 Fortunatus;
1557 1357 1794 1392 Fortunatus

266 1417 395 1449 autem
423 1414 672 1450 Manichacus
704 1414 860 1458 publica
891 1415 1157 1458 disputatione
1191 1415 1367 1450 devictus
1401 1419 1462 1450 est
1494 1416 1541 1450 ab
1575 1414 1793 1460 Augustino

268 1472 494 1517 presbytero
528 1483 560 1507 a.
592 1473 628 1508 d.
660 1472 694 1506 V
726 1477 764 1508 et
799 1473 851 1507 IV
885 1472 972 1507 Kal.
1008 1472 1244 1518 Septembris
1277 1484 1310 1508 a.
1341 1473 1412 1508 392
1446 1473 1626 1517 Hippone
1658 1472 1793 1518 Regio.

269 1540 343 1574 qua
370 1542 409 1566 re
435 1541 521 1565 cum
545 1541 578 1565 a.
604 1531 672 1565 401
698 1540 731 1565 a.
757 1531 792 1566 d.
816 1531 888 1565 Vll
914 1534 950 1566 et
977 1531 1099 1576 pridie
1125 1531 1180 1565 Id.
1206 1530 1428 1566 Decembris
1454 1531 1695 1576 Augustinus
1721 1532 1795 1566 dis-

267 1593 425 1633 putaret
444 1600 529 1624 cum
548 1589 671 1625 Felice
687 1589 926 1634 Manichaeo,
946 1589 1115 1625 dubitari
1136 1600 1213 1625 non
1235 1594 1375 1635 potest,
1396 1590 1488 1635 quin
1510 1590 1603 1626 haec
1625 1590 1793 1634 epistula

268 1647 316 1681 ad
344 1647 508 1682 Felicem
535 1647 650 1682 inissa
680 1648 740 1690 sit,
768 1658 845 1692 qua
870 1648 920 1683 ad
947 1648 1221 1692 disputandum
1249 1648 1463 1684 eliceretur.
1502 1648 1665 1684 accedit.
1693 1647 1795 1692 quod

270 1706 306 1739 in
332 1706 665 1741 Retractationum
690 1717 842 1751 quoque
867 1706 889 1740 l.
913 1706 948 1740 ΙΙ
973 1717 1003 1740 c.
1027 1707 1049 1741 8
1073 1706 1179 1741 Felix
1203 1717 1288 1741 cum
1312 1706 1524 1742 Fortunato
1551 1710 1795 1751 comparatur

267 1768 382 1809 atque
412 1764 476 1799 illo
507 1765 701 1800 versutior
733 1764 874 1800 dicitur
906 1769 944 1800 et
975 1765 1026 1810 id,
1056 1765 1159 1811 quod
1191 1769 1250 1801 est
1281 1766 1320 1801 in
1354 1764 1521 1810 epistula
1556 1776 1592 1810 p.
1622 1765 1702 1810 345,
1737 1765 1792 1800 12;

270 1823 383 1857 Bene.
416 1825 505 1868 quia
541 1834 616 1858 non
658 1825 770 1858 times
805 1827 967 1859 mortem
1003 1824 1139 1859 merito
1176 1823 1311 1859 referri
1347 1827 1478 1869 potest
1513 1824 1561 1859 ad
1600 1823 1651 1865 id,
1691 1823 1794 1869 quod

271 1881 511 1925 Augustinus
537 1882 574 1916 in
601 1882 698 1916 actis
724 1892 808 1917 cum
835 1882 960 1917 Felice
989 1881 1215 1917 Manichaeo
1242 1882 1257 1916 Ι
1285 1892 1315 1916 c.
1346 1882 1390 1916 12
1413 1893 1472 1917 ex.
1499 1882 1615 1918 refert
1642 1881 1792 1926 publice

269 1950 352 1973 eum
389 1939 651 1974 clamitavisse
686 1950 771 1975 cum
806 1940 1003 1975 codicibus
1039 1940 1118 1974 suis
1153 1951 1193 1975 se
1227 1944 1405 1984 paratum
1441 1951 1525 1976 esse
1561 1940 1727 1981 incendi,
1763 1940 1794 1974 si

270 1996 415 2041 aliquid
441 1997 532 2031 mali
562 1997 599 2031 in
630 1997 725 2041 ipsis
752 1997 888 2033 fuisset
918 1997 1130 2033 inventum.
1169 1997 1375 2041 epistulam
1404 1997 1521 2041 igitur
1548 2008 1581 2032 a.
1609 1998 1678 2032 404
1705 2001 1793 2033 ante

270 2054 392 2098 ipsam
414 2055 717 2099 disputationem
745 2055 928 2099 scriptam
954 2066 1039 2091 esse
1067 2056 1251 2091 dicemus.

411 2112 453 2147 In
490 2113 657 2156 epistula
691 2115 737 2149 80
769 2124 806 2158 p.
839 2114 917 2158 347,
953 2114 1066 2149 7-11
1104 2114 1345 2158 Augustinus
1379 2114 1544 2149 reditum
1581 2114 1721 2148 Tlieasi
1757 2117 1794 2148 et

269 2170 394 2205 Evodi
417 2170 687 2215 episcoporum
714 2171 789 2207 iam
816 2172 967 2217 iamque
994 2183 1033 2208 se
1061 2182 1218 2215 sperare
1246 2172 1351 2207 dicit.
1389 2172 1453 2217 qui
1480 2182 1564 2207 cum
1591 2171 1681 2205 XVI
1707 2171 1794 2206 Kal.

271 2227 386 2263 Iulias
418 2239 451 2263 a.
486 2230 555 2264 404
590 2230 744 2264 concilii
779 2229 1099 2276 Carthaginensis
1134 2230 1290 2265 decreto
1326 2230 1375 2265 ad
1412 2231 1683 2274 imperatorem
1720 2228 1796 2263 Ro-

271 2297 422 2322 manum
444 2287 549 2322 missi
570 2287 742 2332 essent,⁵)
763 2288 966 2332 epistulam
986 2288 1133 2333 aliquot
1154 2288 1348 2323 mensibus
1370 2292 1457 2332 post
1478 2288 1569 2323 illud
1590 2287 1794 2323 concilium

271 2346 454 2390 scriptam
479 2356 562 2381 esse
587 2351 752 2391 apparet
775 2347 1109 2390 proficiscentibus
1133 2347 1247 2382 etiam
1275 2352 1353 2382 tum
1379 2347 1543 2382 Theasio
1569 2352 1607 2382 et
1631 2347 1794 2382 Evodio.

411 2403 627 2447 Epistulam
660 2405 700 2440 81
738 2415 814 2439 non
848 2404 903 2440 ita
935 2405 1055 2441 multo
1093 2409 1181 2450 post
1217 2404 1423 2449 epistulam
1457 2405 1502 2439 75
1535 2404 1794 2449 Hieronymus

269 2462 318 2497 ad
350 2461 608 2507 Augustinum
643 2462 796 2498 dedisse
831 2463 997 2499 videtur.
1044 2463 1110 2498 illa
1145 2463 1246 2499 enim
1282 2463 1451 2507 epistula
1484 2473 1569 2498 cum
1604 2474 1660 2507 ea,
1697 2473 1794 2508 quae

412 2577 440 2619 ¹)
494 2587 529 2621 p.
557 2578 637 2622 330,
664 2577 789 2612 5-12.
1033 2578 1061 2618 ²)
1091 2587 1127 2621 p.
1156 2579 1236 2623 336,
1268 2579 1438 2622 19—337,
1469 2579 1505 2622 33
1536 2579 1616 2622 337,
1646 2578 1794 2612 12-18.

412 2634 441 2673 3)
472 2635 595 2670 Mansi
623 2635 758 2670 concil.
786 2636 871 2670 coll.
900 2636 954 2670 III
983 2647 1018 2681 p.
1047 2637 1111 2671 771
1129 2636 1173 2671 E:
1203 2637 1270 2671 774
1285 2636 1408 2671 Λ-Β.

413 2692 442 2737 ⁴)
472 2693 519 2728 cf.
546 2703 605 2737 ep.
633 2693 700 2728 107
726 2694 842 2737 paulo
869 2699 959 2729 ante
986 2706 1019 2729 a.
1049 2694 1117 2729 410
1144 2694 1339 2738 scriptam,
1368 2695 1431 2729 ubi
1462 2694 1678 2729 Macrobius
1705 2693 1795 2728 Pro-

275 2751 415 2785 miliani
436 2762 635 2786 successor
660 2762 699 2786 se
724 2762 846 2796 nuper
870 2753 1090 2787 ordinatum
1115 2763 1199 2788 esse
1224 2753 1369 2788 dixisse
1394 2753 1535 2788 dicitur
1563 2754 1614 2797 (p.
1637 2752 1717 2796 612,
1745 2751 1793 2796 1).

415 2808 443 2852 ⁵)
474 2808 597 2843 Mansi
626 2809 761 2844 concil.
791 2809 875 2844 coll.
904 2810 958 2844 111
988 2820 1023 2854 p.
1053 2810 1119 2844 704
1135 2810 1179 2844 D.
