2078 3054
311 150 394 192 318

357 277 451 323 bari,
475 277 615 312 nedum
643 276 690 311 ad
716 275 922 320 Donatum,
947 274 1091 320 partis}

359 335 499 370 Donati
542 334 765 378 episcopum
819 333 853 367 ΙΙ
896 334 973 378 113,
1014 326 1091 380 24.ξ

312 403 605 430 sermonem
660 402 744 426 cum
801 391 843 426 A.
900 391 1068 435 liaberet,

355 451 631 495 scripturarum
690 449 860 484 codicem
919 448 1070 492 accepit

357 514 396 544 et
437 508 617 543 recitavit
659 507 865 542 nonnullos
905 506 1010 541 locos
1054 505 1069 540 Ι

358 566 434 611 115,
468 566 524 601 29.
562 565 638 609 116,
673 565 705 600 8.
742 565 794 599 15.
832 565 887 599 26.
925 565 1002 609 117,
1037 564 1069 599 2.

359 624 410 659 17.
443 624 520 669 118,
551 624 582 658 7.

310 681 604 717 Serotinus
648 681 855 725 episcopus
897 680 937 716 in
980 690 1068 716 con-

355 739 443 775 cilio
491 738 790 784 Carthaginensi
839 738 965 774 adfuit
1014 737 1070 773 III

354 797 432 843 652,
460 797 492 833 8.

308 854 588 891 Servilius
638 855 846 900 episcopus
895 855 935 890 in
982 865 1070 890 con-

354 913 442 949 cilio
492 912 791 959 Carthaginensi
839 913 966 949 adfuit
1015 913 1070 947 III

353 972 432 1017 653,
459 972 491 1007 5.

306 1029 606 1075 Servilius,
638 1040 751 1076 quem
784 1029 942 1066 frat-rem
972 1030 1070 1064 Evo-

353 1088 441 1124 dius
469 1088 517 1124 de
546 1085 782 1124 monasterio
811 1088 1070 1133 praecessisse

353 1150 392 1182 et
421 1157 490 1191 per
521 1147 710 1182 somnium
740 1147 811 1182 sibi
841 1146 1069 1192 apparuisse

354 1204 582 1240 meminerat
615 1204 670 1239 III
703 1205 782 1249 494,
815 1205 871 1240 28.
902 1204 982 1250 496,
1014 1205 1069 1239 24.

307 1257 510 1299 Servus
559 1263 767 1308 episcopus
817 1263 854 1298 in
906 1262 1069 1298 concilio

355 1320 580 1357 Milevitano
618 1321 745 1357 adfuit
780 1321 834 1356 ΙΙΙ
872 1321 952 1367 664,
990 1321 1023 1356 2.

307 1379 452 1425 Seth,
482 1390 568 1415 cum
601 1379 777 1415 Christus
809 1380 847 1414 in
878 1379 1068 1415 infernum

353 1437 632 1483 descendisset,
668 1437 743 1473 illis
779 1437 977 1474 doloribus
1013 1448 1070 1473 so-

354 1496 475 1531 lutum
509 1506 594 1532 esse
626 1500 717 1531 sunt
747 1496 815 1542 qui
845 1500 983 1541 putent
1016 1495 1070 1530 III

354 1554 433 1599 526,
461 1555 515 1590 17.

307 1612 610 1648 severinus
642 1612 860 1658 Donatista,
905 1612 949 1648 A.
983 1622 1071 1647 con-

355 1671 592 1716 sanguineus
628 1671 663 1705 II
701 1671 777 1715 149,
814 1671 868 1706 19.
903 1670 980 1716 151,
1017 1671 1069 1705 19.

355 1729 419 1774 qui
453 1739 537 1764 cum
573 1739 619 1765 ea
654 1729 741 1773 ipsa
773 1729 820 1765 de
855 1739 974 1764 causa
1006 1729 1070 1764 ho—

353 1787 495 1823 minem
540 1787 711 1823 misisset
754 1786 986 1833 Hipponem,
1029 1790 1072 1822 ut

354 1845 404 1881 ad
441 1845 484 1881 A.
520 1845 671 1881 litteras
706 1855 796 1881 suas
831 1845 1003 1882 adferret
1035 1844 1071 1880 II

357 1904 434 1948 149,
485 1903 539 1949 16,
587 1904 632 1939 A.
679 1913 739 1948 ep.
778 1904 825 1939 52
871 1903 1071 1948 rescripsit

355 1972 530 2007 eumque,
557 1966 599 1997 ut
623 1961 672 1997 ad
698 1962 887 1997 unitatem
913 1961 1070 1997 catholi-

355 2029 438 2055 cam
471 2019 627 2065 rediret,
656 2019 832 2055 hortatus
862 2024 931 2056 est.

308 2077 563 2122 Severus,
607 2078 897 2122 condiscipulus
943 2078 988 2113 A.
1034 2081 1072 2113 et

354 2136 402 2171 de
456 2134 769 2180 condiscipulatu
824 2135 1071 2172 Milevitanae

356 2194 520 2229 antistes
562 2194 750 2230 ecclesiae
795 2194 830 2228 II
871 2194 903 2239 8,
943 2194 980 2239 53
1023 2193 1070 2236 cf.

355 2252 435 2297 518,
465 2252 496 2287 8.
527 2251 578 2286 IV
605 2252 685 2297 374,
714 2252 746 2287 2.
775 2262 860 2287 cum
890 2262 950 2297 ep.
977 2252 1022 2287 32
1049 2262 1072 2286 a

355 2309 519 2345 Paulino
589 2310 837 2355 scribebatur,
905 2309 1071 2346 Severus

357 2368 432 2403 iam
476 2372 560 2403 erat
601 2368 809 2413 episcopus
863 2368 898 2402 II
941 2368 973 2412 8,
1015 2367 1070 2403 21.

357 2426 400 2461 Α.
456 2426 639 2461 Severum
693 2426 852 2462 alteram
904 2426 1070 2461 animam

357 2493 476 2527 suam,
521 2484 636 2519 immo
682 2494 797 2519 unam
843 2494 927 2519 esse
972 2483 1073 2519 dixit

359 2541 458 2576 illius
487 2542 651 2576 animam
679 2546 717 2577 et
743 2552 850 2577 suam
878 2542 911 2576 II
936 2542 1016 2586 639,
1042 2542 1074 2577 4.

357 2599 435 2643 640,
464 2599 499 2639 92
529 2599 575 2640 cf.
605 2599 657 2633 IV
685 2600 765 2644 655,
795 2600 848 2635 10.
876 2599 1070 2635 artissimo

357 2657 550 2692 amicitiae
598 2657 753 2692 vinculo
802 2668 886 2692 cum
937 2667 982 2693 eo
1031 2667 1071 2693 se

357 2724 441 2750 esse
475 2715 721 2750 coniunctum
757 2714 791 2749 II
821 2715 901 2760 392,
935 2715 993 2759 183
1024 2715 1071 2757 cs.

357 2772 436 2817 635,
470 2773 501 2807 9.
537 2773 616 2817 642,
654 2774 683 2807 1.
717 2783 948 2819 quamquam
984 2783 1071 2808 raro

359 2830 441 2874 sibi,
470 2835 513 2865 ut
541 2841 625 2865 eum
657 2831 816 2875 videret,
847 2831 1071 2877 contingere

985 160 1128 195 Index
1156 160 1199 195 V.

1157 274 1190 308 Il
1227 275 1306 318 392,
1345 274 1401 318 193
1452 275 1499 316 cs.
1535 275 1615 320 518,
1650 274 1708 320 11;
1754 275 1869 311 etiam

1155 333 1295 368 litteris
1328 343 1414 368 e'um
1447 343 1575 368 secum
1610 338 1701 368 tunc
1734 333 1801 368 vix
1834 340 1871 369 et

1155 391 1348 426 interdum
1381 400 1449 435 per
1481 392 1643 437 exiguas
1676 391 1872 427 chartulas

1156 448 1260 494 loqui
1286 448 1319 483 II
1344 449 1423 494 392,
1448 449 1503 484 27.
1528 450 1578 485 ad
1603 460 1643 485 se
1664 453 1870 485 venturum

1155 518 1240 543 esse
1269 518 1354 542 eum
1387 516 1543 550 sperare
1577 518 1617 543 se
1649 508 1804 553 scripsit
1833 512 1870 544 et

1156 565 1388 609 promissum
1440 570 1571 601 tenere
1624 566 1659 600 II
1710 566 1790 612 642,
1840 567 1870 601 7.

1156 623 1421 659 dulcissimum
1503 634 1589 659 eum
1671 624 1869 659 concivem

1157 691 1267 717 suum
1295 686 1411 717 vocat
1441 681 1476 716 ΙΙ
1506 682 1586 727 392,
1616 681 1662 716 26
1690 686 1729 717 et
1758 681 1872 718 Seve-

1155 750 1221 775 rus
1257 740 1301 775 A.
1338 739 1495 775 fratrem
1535 739 1798 776 dulcissimum
1838 739 1870 774 ll

1156 798 1235 842 635,
1261 798 1294 833 8.
1321 797 1456 834 Severi
1484 797 1653 842 epistula
1682 799 1758 843 (ep.
1788 798 1868 842 109)

1156 856 1200 891 A.
1237 855 1417 892 laudibus
1453 861 1492 892 et
1527 856 1700 891 amicitia
1735 856 1872 892 redun-

1157 914 1238 959 dat3
1275 914 1314 950 in
1350 925 1427 960 qua
1458 918 1637 950 extrema
1671 925 1756 950 cum
1792 914 1872 950 lon-

1155 972 1336 1018 gissimas
1370 973 1418 1008 ab
1455 982 1499 1008 eo
1539 972 1690 1008 litteras
1725 971 1872 1017 expeti-

1156 1031 1279 1067 visset
1310 1030 1345 1065 ΙΙ
1376 1031 1456 1076 637,
1490 1031 1543 1076 19,
1576 1031 1631 1075 Α.,
1663 1030 1728 1076 qui
1758 1030 1872 1065 modo

1157 1089 1360 1133 epistulam
1420 1089 1469 1124 ad
1529 1099 1614 1124 eum
1674 1088 1875 1124 Timotheo

1157 1146 1321 1182 diacono
1360 1146 1524 1182 dederat
1560 1146 1594 1181 II
1632 1147 1711 1192 638,
1748 1147 1780 1192 9,
1817 1157 1872 1182 re-

1158 1205 1348 1249 spondere
1378 1215 1437 1249 ep.
1468 1205 1535 1240 210
1568 1214 1644 1240 non
1675 1209 1734 1241 est
1760 1215 1872 1240 cunc-

1160 1257 1277 1298 tatus.
1342 1262 1386 1298 A.
1442 1262 1627 1298 Severum
1684 1262 1871 1298 salutavit

1157 1331 1225 1365 per
1260 1321 1509 1357 Profuturum
1546 1321 1581 1355 II
1616 1321 1674 1367 66,
1709 1321 1767 1366 143
1804 1330 1871 1365 per

1157 1379 1342 1415 Severum
1384 1379 1575 1423 rescripta
1615 1379 1809 1425 flagitavit
1849 1389 1871 1413 a

1156 1437 1320 1474 Paulino
1359 1437 1395 1472 II
1434 1438 1489 1483 84,
1528 1438 1560 1472 6.
1598 1437 1765 1473 Severus
1804 1447 1871 1481 per

1157 1496 1201 1531 A.
1230 1495 1416 1531 salutavit
1442 1495 1645 1531 Paulinum
1671 1495 1707 1530 II
1733 1496 1765 1540 8,
1789 1496 1811 1531 5
1834 1500 1871 1530 et

1157 1553 1377 1599 Olympium
1416 1554 1496 1599 518,
1533 1554 1565 1589 9.
1604 1554 1810 1598 epistulam
1850 1563 1872 1588 a

1157 1611 1301 1648 Severo
1329 1622 1387 1658 *se
1435 1612 1627 1656 recepisse
1686 1615 1872 1648 memorat

1157 1670 1342 1706 Paulinus
1372 1670 1408 1705 II
1438 1670 1470 1715 8,
1498 1670 1553 1705 20.

1205 1728 1292 1764 Non
1314 1732 1373 1765 est
1396 1728 1566 1773 dubium,
1592 1728 1685 1774 quin
1708 1728 1758 1763 ad
1782 1738 1872 1764 eun—

1156 1787 1243 1823 dem
1312 1786 1496 1823 Severum
1562 1786 1730 1831 scriptae
1796 1786 1872 1822 sint

1158 1855 1217 1889 ep.
1247 1845 1292 1880 62
1322 1846 1370 1880 ab
1400 1845 1555 1890 Alypio,
1585 1844 1641 1889 A.,
1673 1843 1871 1880 Samsucio

1159 1908 1197 1938 et
1234 1913 1294 1947 ep.
1335 1904 1379 1939 63
1419 1904 1467 1939 ab
1508 1903 1552 1938 A.
1592 1903 1639 1938 de
1680 1901 1871 1938 Timothei

1159 1961 1386 1997 subdiaconi
1426 1971 1555 2005 causa,
1606 1961 1645 1995 in
1685 1971 1762 2006 qua
1800 1959 1872 1996 sibi

1156 2019 1336 2055 iniuriam
1385 2019 1526 2054 factam
1575 2029 1659 2054 esse
1708 2028 1873 2064 conque-

1158 2081 1240 2113 stus
1272 2082 1356 2113 erat
1387 2077 1422 2111 II
1453 2077 1532 2121 228,
1564 2077 1595 2112 9.
1627 2076 1793 2112 Severus
1824 2076 1873 2111 ob

1158 2146 1242 2172 eam
1284 2146 1362 2171 rem
1402 2139 1440 2171 et
1480 2135 1563 2179 ipse
1604 2134 1648 2170 A.
1689 2133 1873 2170 convenit

1157 2199 1196 2229 et
1230 2203 1297 2238 per
1332 2193 1483 2229 litteras
1519 2203 1604 2228 cum
1639 2202 1684 2228 eo
1719 2192 1800 2238 egit
1836 2191 1872 2226 II

1157 2251 1237 2297 225,
1267 2252 1300 2287 3.
1332 2251 1412 2296 226,
1445 2251 1499 2286 19.
1532 2250 1699 2296 denique
1732 2250 1775 2285 A.
1809 2249 1872 2285 Se-

1157 2320 1250 2345 vero
1277 2319 1316 2345 se
1341 2309 1547 2345 excusavit
1569 2313 1609 2345 et
1631 2308 1713 2345 eius
1737 2308 1872 2344 volun-

1158 2367 1231 2403 tati
1272 2367 1402 2412 paruit
1444 2366 1480 2401 II
1525 2367 1605 2412 227,
1647 2366 1678 2402 1.
1717 2365 1797 2411 228,
1839 2366 1870 2400 7.

1158 2425 1324 2461 Severus
1364 2426 1403 2460 in
1441 2425 1605 2460 concilio
1646 2424 1870 2460 Milevitano

1157 2482 1282 2518 adfuit
1315 2483 1368 2517 ΙΙΙ
1399 2483 1479 2527 663,
1510 2483 1542 2517 5.
1574 2482 1675 2518 idem
1707 2481 1872 2517 credidit

1158 2551 1272 2586 posse
1309 2541 1497 2585 sufficere,
1533 2543 1577 2575 ut
1612 2549 1874 2576 successorem

1157 2609 1267 2634 suum
1300 2599 1405 2643 apud
1439 2599 1599 2634 clericos
1632 2598 1870 2644 designaret,

1157 2657 1206 2692 ad
1236 2657 1420 2701 populum
1452 2657 1540 2693 inde
1574 2667 1650 2692 non
1681 2661 1740 2692 est
1769 2656 1871 2692 locu-

1158 2719 1220 2750 tus
1248 2715 1300 2749 IV
1324 2715 1403 2759 374,
1433 2715 1486 2750 11.
1514 2714 1644 2760 itaque
1672 2717 1762 2759 post
1787 2714 1870 2750 eius

1157 2773 1302 2808 obitum
1343 2772 1530 2808 nonnulla
1567 2772 1606 2807 in
1646 2771 1872 2808 Milevitana

1156 2830 1320 2866 ecclesia
1368 2830 1606 2875 perturbatio
1654 2830 1871 2874 timebatur,
