2078 3054
264 148 370 185 XXX
908 147 1149 184 Praefatio.

262 282 386 321 quam
425 280 561 321 neque
599 266 815 309 Parisinus
854 266 1020 309 mendis
1057 271 1131 309 aut
1167 266 1331 322 lacunis
1362 271 1486 309 vacat
1518 272 1560 309 et
1592 266 1789 310 Chelten-

262 331 475 373 hamensis
493 345 573 385 quo
591 337 653 373 est
669 336 811 373 aetate
834 330 1019 383 inferior,
1038 344 1087 373 eo
1109 330 1229 386 plura
1246 336 1374 384 atque
1396 331 1556 373 maiora
1577 330 1734 373 menda
1750 336 1791 374 et

261 395 571 438 retractationis
603 395 784 449 vestigia
815 394 1015 447 ostendit,
1048 395 1165 436 velut
1195 395 1237 436 in
1271 394 1390 437 brevi
1423 395 1604 450 epistula
1638 395 1720 437 133
1745 400 1791 438 ut

261 460 393 501 multa
430 458 704 500 licentissime
741 459 951 500 inmutata
982 464 1093 511 sunt,
1135 459 1194 499 ita
1225 457 1390 501 duobus
1422 459 1524 501 locis
1554 473 1595 514 p.
1629 459 1698 512 83,
1740 460 1790 500 16

261 528 303 565 et
334 522 402 574 84,
448 524 463 562 1
500 535 608 563 unus
639 518 828 563 om'nium
866 535 968 564 vera
1010 522 1279 564 conservavit
1315 523 1457 565 verba.
1498 528 1718 578 praeterea
1747 524 1790 564 in

261 586 465 641 epistulis·
494 585 574 626 136
613 590 654 627 et
695 584 775 627 138
816 585 964 627 mirum
1006 591 1210 639 quantum
1254 586 1467 628 consentit
1509 600 1603 629 cum
1646 587 1790 629 codice

261 648 492 704 Reginensi
524 649 603 690 331
640 648 829 691 eiusdem
851 648 1016 702 aetatis,
1050 649 1121 703 qui
1150 662 1407 703 quamquam
1435 650 1563 691 etiam
1585 650 1791 693 deteriore

262 720 324 755 est
346 712 607 765 condicione,
641 718 782 755 tamen
807 727 900 755 cum
925 727 974 756 eo
1005 714 1259 767 aliquotiens
1291 718 1454 755 ceteros
1486 713 1653 756 codices
1675 715 1790 756 boni-

261 782 346 819 tate
378 776 521 818 vincit.
540 777 572 831 ²)

318 840 384 882 Ad
424 839 611 882 codicem
650 841 887 882 Parisinum
928 840 1064 881 11641
1109 845 1298 896 tempore
1344 841 1537 896 proxime
1581 841 1792 884 accedunt

260 904 545 959 fragmenta
591 904 980 947 Aurelianensia
1021 904 1062 946 M
1108 904 1200 945 169
1249 904 1382 959 (nunc
1431 905 1544 960 192).
1592 906 1790 947 Aureliae

260 968 373 1011 enim
411 969 452 1009 in
486 967 744 1010 bibliotheca
775 969 946 1023 publica
978 973 1041 1010 est
1073 967 1208 1010 codex
1239 968 1295 1010 59
1326 968 1536 1021 foliorum,
1577 982 1686 1022 quae
1716 982 1788 1010 va-

260 1033 413 1074 riorum
451 1031 649 1074 librorum
688 1045 785 1074 mss.
825 1037 923 1074 sunt
953 1032 1157 1086 reliquiae
1190 1033 1233 1074 in
1271 1031 1321 1072 19
1353 1037 1496 1087 partes
1526 1031 1788 1075 distributae.

260 1109 433 1150 quarum
466 1094 692 1143 undecima
723 1101 764 1137 et
796 1096 920 1138 tertia
951 1095 1116 1138 decima
1143 1096 1312 1139 saeculo
1333 1096 1534 1150 V1÷xf11
1556 1096 1792 1138 uncialibus

260 1160 408 1202 litteris
455 1159 713 1214 perscriptae
760 1160 999 1216 fragmenta
1045 1159 1205 1202 habent
1246 1160 1520 1215 epistularum
1565 1161 1791 1216 Augustini

259 1232 384 1277 atque
416 1223 500 1276 illa,
533 1236 642 1276 quae
670 1237 722 1265 ex
755 1238 839 1267 uno
871 1230 1035 1266 tantum
1067 1223 1167 1267 folio
1197 1237 1454 1279 pergameno
1476 1223 1564 1279 (fol.
1589 1224 1664 1279 31)
1696 1238 1790 1267 con-

262 1293 358 1340 stat,
392 1287 599 1342 epistulae
634 1287 712 1327 187
747 1287 803 1329 ad
834 1288 1098 1340 Dardanum,
1131 1287 1238 1329 haec
1269 1287 1475 1342 epistulae
1505 1288 1562 1329 54
1592 1287 1646 1330 ad
1668 1288 1791 1329 Ianu-

260 1352 395 1409 arium
434 1356 475 1392 et
512 1355 712 1404 quattuor
747 1351 848 1394 folia
884 1350 1143 1407 pergamena
1181 1351 1270 1407 (fol.
1301 1352 1367 1393 36.
1407 1351 1475 1393 34.
1515 1351 1583 1393 35.
1617 1351 1686 1404 37,
1724 1351 1791 1393 hic

260 1416 373 1459 enim
407 1428 532 1457 verus
560 1419 623 1456 est
643 1414 763 1471 ordo)
797 1416 1103 1471 complectitur,
1135 1429 1311 1469 quorum
1332 1415 1512 1457 alterum
1534 1420 1576 1457 et
1597 1420 1791 1470 quartum

259 1479 362 1522 satis
394 1480 559 1533 integra
590 1485 700 1532 sunt,
742 1493 837 1521 cum
868 1480 992 1534 primi
1025 1488 1176 1533 quarta
1207 1484 1370 1521 tantum
1404 1493 1515 1534 pars,
1557 1479 1668 1521 tertii
1707 1484 1792 1521 tres

259 1548 400 1599 partes
441 1542 666 1597 supersint.
708 1548 929 1598 praeterea
969 1544 1080 1585 mala
1121 1542 1268 1585 horum
1310 1542 1504 1585 foliorum
1542 1542 1792 1586 condicione

261 1607 374 1649 haud
405 1618 542 1661 pauca
572 1605 630 1648 ita
667 1613 765 1649 sunt
795 1608 1032 1659 obscurata,
1066 1612 1110 1648 ut
1141 1607 1224 1661 legi
1256 1607 1329 1649 vix
1366 1607 1530 1662 possint
1566 1611 1639 1648 aut
1675 1620 1790 1661 pror-

260 1685 329 1714 sus
376 1669 639 1712 evanuerint.
655 1671 688 1727 2)
735 1671 888 1724 quibus
938 1671 981 1712 in
1029 1671 1279 1726 fragmentis
1325 1671 1519 1724 quamvis
1565 1669 1792 1725 Augustini

260 1735 391 1777 verba
427 1733 530 1775 satis
567 1735 809 1790 incorrupta
839 1740 1086 1790 appareant,
1128 1740 1325 1788 quattuor
1356 1740 1498 1776 tamen
1530 1734 1632 1776 locis
1663 1734 1790 1776 inter-

259 1799 459 1854 polatoris
491 1814 663 1843 manum
695 1813 777 1841 non
810 1812 1042 1854 agnoscere
1073 1812 1156 1843 non
1190 1799 1359 1854 poteris.
1375 1798 1408 1852 ³)

318 1862 466 1906 Codex
498 1864 655 1907 saeculi
688 1863 767 1905 VII
801 1869 863 1905 est
894 1863 1141 1905 Taurinas
1173 1863 1236 1905 (ἂν
1268 1862 1328 1903 26
1366 1867 1409 1905 et
1439 1863 1549 1905 inter
1580 1862 1665 1904 alia
1696 1875 1791 1903 con-

260 1927 366 1968 tinet
391 1922 601 1982 ¹epistulas
632 1927 873 1970 238—241.
919 1927 1309 1981 praestantissimus
1341 1932 1404 1969 est
1435 1926 1554 1978 liber,
1596 1926 1667 1979 qui
1698 1938 1791 1966 cun·

261 1991 302 2031 in
340 1990 424 2032 illis
460 1992 651 2046 epistulis
682 1991 795 2034 solus
827 1990 1046 2046 oppositus
1076 1990 1132 2032 sit
1162 1990 1296 2033 codici
1329 1989 1573 2032 Monacensi
1606 1988 1719 2030 6266
1752 1995 1792 2030 et

261 2058 458 2107 quattuor
493 2055 601 2107 aliis,
640 2056 711 2109 qui
750 2060 847 2096 sunt
884 2067 936 2095 ex
971 2054 1120 2096 eodem
1151 2067 1320 2108 genere,
1354 2053 1628 2109 intellegitur,
1661 2066 1792 2106 quan—

260 2124 402 2174 topere
436 2119 624 2161 bonitate
656 2120 717 2161 eis
748 2123 945 2174 praestet.
980 2118 1158 2160 nimium
1191 2118 1302 2159 enim
1335 2122 1539 2171 quantum
1573 2117 1706 2158 valuit
1737 2116 1791 2158 ad

261 2181 550 2225 emendandas
586 2183 679 2225 illas
716 2182 932 2238 epistulas.
976 2182 1225 2236 corrigentis
1263 2181 1330 2224 vel
1363 2181 1662 2236 corrigentium
1694 2193 1793 2222 cura

259 2243 500 2300 largissima
519 2247 708 2301 ⁴vestigia
729 2246 914 2300 reliquit,
947 2259 1116 2301 perraro
1138 2251 1280 2287 tamen
1311 2245 1427 2300 ipsas
1449 2245 1671 2287 verborum
1694 2257 1792 2285 con-

260 2301 534 2352 formationes
564 2312 814 2365 temptabat,
847 2309 1095 2365 plerumque
1127 2309 1350 2364 spectabat
1370 2307 1425 2350 ad
1447 2307 1792 2363 orthographiam

261 2398 313 2404 —
348 2374 463 2416 velut
499 2375 746 2429 saepissime
783 2387 858 2429 pro
890 2375 912 2415 b
951 2373 1148 2416 librarius
1179 2372 1408 2428 scripserat
1438 2387 1460 2414 v
1492 2397 1547 2402 —
1578 2376 1650 2427 aut
1682 2384 1790 2413 com-

319 2520 348 2561 1)
372 2518 501 2563 Cf.e1›.
524 2521 588 2556 136
620 2519 653 2563 1).
672 2520 726 2562 93,
756 2522 814 2562 15;
846 2521 900 2561 95,
932 2520 970 2561 4;
1003 2521 1040 2561 8;
1076 2520 1128 2554 16.
1155 2528 1211 2563 ep.
1233 2520 1297 2555 138
1329 2529 1363 2563 p.
1383 2519 1459 2561 131,
1486 2518 1524 2559 2;
1558 2517 1633 2558 132,
1663 2516 1722 2558 10;
1754 2514 1791 2550 in

262 2581 316 2615 cp.
338 2572 404 2607 136
429 2582 462 2615 p.
481 2573 535 2614 93.
569 2574 589 2607 9
624 2574 776 2615 uterque
814 2570 931 2605 codex
963 2576 1062 2605 caret
1097 2570 1399 2615 interpretat-ione
1425 2569 1557 2611 aliena,
1596 2578 1690 2612 quae
1722 2566 1791 2602 hoc

262 2623 342 2657 loco
368 2623 403 2656 in
429 2626 571 2658 ceteros
596 2623 743 2658 codices
769 2623 933 2667 inrepsit.

319 2673 348 2718 ²)
375 2674 477 2709 Haec
495 2673 703 2720 fragmenta
729 2675 816 2709 mihi
842 2674 999 2709 contulit
1018 2674 1059 2711 G.
1080 2675 1351 2709 Gundermann.
1378 2672 1589 2708 novissimis
1607 2672 1790 2717 quaestio-

261 2727 370 2761 uibus
401 2727 588 2770 cognitum
615 2730 671 2761 est
696 2726 942 2771 fragmentum
977 2726 1157 2771 epistulae
1186 2730 1227 2762 54
1255 2726 1430 2770 scriptum
1458 2736 1538 2760 esse
1564 2735 1659 2760 saec.
1688 2723 1788 2767 VIII,

262 2778 415 2812 alterum
442 2782 564 2812 autem
593 2779 773 2822 epistulae
803 2781 865 2816 187
894 2789 988 2814 saec.
1010 2778 1092 2813 VII.

321 2831 348 2872 ³)
376 2829 430 2863 Vs.
450 2841 504 2873 ep.
524 2834 564 2865 54
593 2832 720 2874 p.164.
754 2834 810 2865 14:
842 2833 915 2866 165.
942 2832 1001 2873 22;
1031 2842 1086 2874 ep.
1109 2833 1170 2867 187
1198 2841 1231 2874 p.
1257 2832 1330 2874 103,
1358 2833 1395 2873 93
1425 2832 1500 2874 104,
1525 2831 1557 2865 2.
