2078 3054
305 177 388 219 256

356 306 547 352 episcopis
596 310 663 342 aut
711 306 884 342 diaconis
934 306 1001 342 sed
1049 317 1072 342 a
1105 306 1140 341 M
1154 318 1177 342 a
1192 318 1214 342 n
1230 311 1245 342 t
1259 319 1282 342 u
1298 319 1321 343 a
1334 319 1358 342 n
1373 320 1396 344 u
1413 320 1429 344 s

353 364 588 409 quibuslibet
627 364 758 399 electis
800 364 852 398 IV
891 364 971 408 524,
1013 364 1067 400 15.

973 192 1115 229 Index
1144 193 1189 228 V.

1482 311 1610 346 rhetor
1663 312 1865 358 (1Ver9.)

1151 365 1168 400 I
1197 366 1254 411 39,
1285 367 1317 402 7.

352 421 598 458 Manichaeos
630 422 669 457 in
701 431 837 466 campo
868 421 1067 464 Quintiani
1104 428 1139 463 M
1153 439 1176 464 a
1191 440 1214 474 p
1230 440 1253 474 p
1266 430 1315 464 al
1330 430 1341 464 i
1356 441 1375 465 e
1390 441 1414 465 n
1430 441 1447 466 s
1463 442 1502 466 es
1542 432 1713 468 homines
1750 434 1869 478 fundi,

351 479 514 515 libenter
556 479 709 515 latitare
754 479 905 515 audivit
947 480 991 514 A.
1035 479 1070 515 H

354 537 433 581 231,
475 538 507 572 4.
549 536 789 573 detestabilis
831 537 1068 582 multumque

352 594 440 630 fidei
470 595 682 630 catholicae
713 595 988 640 scripturisque
1016 595 1070 631 di-

356 652 457 687 vinis
472 652 713 697 apertissime
728 653 922 688 contraria
936 653 1067 688 haere-

352 710 405 745 sis
462 710 774 746 Manichaeorum
831 710 866 745 II
922 711 979 756 56,
1037 712 1070 747 8.

353 768 663 804 Manichaeorum
699 768 951 804 deliramenta
985 779 1070 804 cum

1155 497 1267 531 quem
1333 487 1531 533 Crispinus
1600 490 1866 527 schismaticus

1153 545 1390 591 possidebat,
1430 557 1453 581 a
1493 557 1717 591 possessore
1760 549 1866 584 time-

1153 603 1247 638 facti
1272 608 1361 639 sunt
1386 605 1628 650 rebaptizati,
1654 617 1731 652 qua
1756 618 1795 643 re
1822 607 1866 642 A.

1153 661 1203 696 ad
1231 672 1317 697 eum
1346 662 1450 697 misit
1479 674 1537 708 ep.
1567 663 1623 698 66.
1654 674 1739 699 cum
1768 664 1869 709 Map-

1154 719 1388 764 paliensibus
1427 720 1570 756 Punice
1610 721 1673 766 agi
1711 732 1869 757 necesse

1154 780 1236 812 erat
1263 777 1298 812 II
1326 777 1404 822 236,
1433 778 1487 813 11.

353 826 612 862 detestatione
645 826 805 862 ridenda
836 826 871 861 II
904 826 982 871 182,
1017 826 1071 861 11.
1106 839 1484 886 Marcellinus‚
1520 841 1695 877 tribunus
1732 846 1772 878 et
1805 852 1870 877 no-

353 893 421 928 per
448 884 708 920 Theodosium
733 884 949 921 Manichaei
977 895 1068 919 non-

354 942 447 977 nulli
490 945 580 977 sunt
618 942 760 987 proditi
801 942 853 977 1V
893 942 972 987 448,
1015 942 1070 978 19.

354 1000 596 1035 Victorinum
646 1000 750 1045 apud
801 1000 846 1034 A.
897 999 1073 1035 constitit

354 1068 438 1093 esse
473 1058 737 1093 Manichaeum
772 1058 824 1093 IV
854 1057 934 1101 524,
966 1059 988 1094 3
1022 1060 1071 1102 et,

355 1126 453 1160 quae
502 1115 694 1160 credebat,
744 1115 860 1151 etiam
908 1115 1073 1151 docebat

355 1173 408 1208 IV
467 1173 547 1218 525,
608 1173 666 1217 13;
729 1173 798 1209 sed
857 1172 1072 1208 auditorem

355 1231 667 1267 Manichaeorum
707 1241 784 1266 non
823 1231 986 1267 electum
1029 1242 1069 1267 se

356 1299 439 1325 esse
477 1290 679 1325 confessus
717 1292 776 1325 est
811 1289 864 1323 IV
899 1288 978 1334 524,
1017 1289 1072 1324 10.

358 1347 439 1391 525,
454 1347 512 1391 153
527 1347 807 1382 v.Victorinus.
822 1346 1068 1382 Manichaeus

355 1405 510 1450 quidam
551 1404 705 1440 dicebat
743 1415 783 1440 se
823 1415 901 1440 non
939 1405 1073 1440 timere

356 1466 531 1506 mortem,
589 1466 750 1498 mortem
809 1462 908 1498 enim
967 1472 1073 1508 sepa-

357 1521 544 1556 rationem
573 1531 656 1556 esse
685 1520 823 1556 mentis
850 1531 874 1556 a
901 1530 1073 1566 corpore,

357 1580 428 1614 hoc
456 1589 540 1615 esse
564 1578 655 1614 boni
679 1589 702 1614 a
727 1578 826 1614 malo
852 1578 888 1613 II
910 1578 992 1624 345,
1017 1579 1072 1614 13.

356 1637 669 1672 Priscillianistae
764 1636 1074 1672 Manichaeorum

358 1694 601 1730 simillimi'II
627 1695 684 1739 57,
713 1695 747 1738 13
777 1695 824 1736 cs.
852 1694 908 1729 III
934 1694 1015 1739 556,
1041 1694 1073 1729 9.

405 1752 559 1788 Cornua
602 1755 859 1797 peccatorum,
894 1752 974 1791 hoc
1016 1756 1076 1787 est

360 1810 652 1846 Donatistarum
684 1810 1072 1856 Manichaeorumque

358 1869 453 1904 deus
489 1879 556 1914 per
593 1869 637 1903 A.
674 1868 916 1915 confringere
952 1867 1077 1903 voluit

357 1927 392 1961 II
429 1927 484 1971 10,
519 1928 551 1962 8.
589 1926 793 1962 adversum
830 1926 1074 1961 Manichaeos

361 1984 489 2029 libros,
533 1995 629 2029 quos
671 1988 827 2029 paratos
871 1988 908 2020 et
951 1994 1074 2019 emen-

359 2042 472 2079 datos
514 2042 665 2078 mittere
707 2042 844 2087 potuit,
886 2042 930 2077 A.
973 2042 1076 2077 misit

360 2100 408 2135 ad
441 2100 699 2136 Caelestinum
731 2100 748 2135 Ι
779 2100 835 2144 45,
868 2100 899 2135 2.
934 2100 977 2135 A.
1010 2110 1077 2145 per

361 2168 430 2193 sua
468 2158 507 2194 in
543 2158 788 2194 Manichaeos
826 2168 945 2202 opera
980 2158 1077 2193 Pau-

359 2216 460 2251 linus
491 2216 677 2262 cognovit
706 2216 723 2250 Ι
754 2216 831 2259 123,
864 2216 907 2251 19
937 2219 976 2251 et
1004 2216 1077 2251 hoc

361 2274 619 2318 pentateucho
666 2284 705 2310 se
752 2273 845 2309 satis
889 2277 1077 2308 armatum

362 2331 523 2376 putabat
549 2331 566 2366 I
590 2332 647 2376 79,
674 2332 728 2366 17.

314 2395 348 2429 M
363 2405 386 2429 a
399 2395 484 2430 nic
499 2395 522 2430 h
538 2405 561 2430 a
575 2405 594 2430 e
609 2405 632 2428 u
649 2405 665 2429 s
716 2394 838 2440 legem
887 2394 1079 2430 destruxit

363 2453 397 2487 II
421 2453 503 2497 308,
530 2454 562 2487 1.

319 2515 619 2552 Manichacus
653 2516 818 2551 animam
879 2517 1076 2568 ἀπέῤῥειαν

363 2574 425 2609 dei
462 2573 701 2609 substantiae
737 2583 821 2609 esse
860 2573 1081 2619 suspicaba-

364 2635 425 2666 tur
475 2632 528 2666 ΙΙΙ
577 2631 657 2676 542,
706 2632 738 2667 6.
790 2632 1080 2679 promissionem

365 2689 522 2734 spiritus
571 2689 695 2724 sancti
744 2689 782 2724 in
831 2699 900 2725 suo
950 2689 1080 2724 haere-

365 2747 517 2782 siarcha
569 2747 791 2782 Manichaeo
844 2757 928 2782 esse
980 2757 1081 2783 com-

364 2804 505 2849 pletam
560 2804 815 2840 adfirmabant
868 2804 1082 2840 Manichaei

368 2862 417 2897 IV
443 2863 523 2907 527,
550 2863 583 2898 8.

1154 898 1275 934 tarius
1314 898 1367 933 III
1404 900 1462 944 30,
1500 900 1533 935 3.
1571 900 1629 944 34,
1667 900 1700 934 7.
1739 900 1796 945 85,
1834 901 1870 944 73

1154 955 1316 1002 Apringi
1348 957 1467 992 frater
1501 957 1554 991 III
1588 957 1644 1001 85,
1678 958 1714 1001 7;
1748 957 1871 993 fidelis

1154 1017 1192 1049 et
1223 1014 1425 1060 religiosus
1459 1014 1699 1050 Christianus
1730 1015 1784 1050 III
1815 1016 1872 1060 81,

1154 1072 1186 1107 8.
1220 1072 1276 1116 82,
1310 1072 1341 1106 1.
1374 1073 1430 1117 83,
1463 1072 1518 1107 12.
1550 1073 1606 1116 84,
1638 1073 1670 1107 4.
1702 1073 1783 1117 388,
1815 1073 1870 1108 20.

1153 1131 1234 1176 389,
1256 1131 1289 1167 8.
1311 1131 1366 1167 28.
1386 1132 1467 1176 556,
1490 1132 1544 1168 13.
1566 1132 1646 1176 621,
1668 1133 1703 1176 13
1724 1132 1870 1168 amicus

1153 1188 1198 1223 A.
1228 1189 1448 1225 carissimus
1479 1193 1517 1225 et
1546 1177 1763 1225 divinarum
1795 1193 1872 1226 stu-

1157 1246 1397 1282 diosissimus
1439 1246 1653 1283 litterarum
1695 1247 1747 1282 IV
1792 1247 1869 1292 155,

1156 1305 1214 1347 153
1242 1304 1289 1346 cf.
1317 1304 1370 1339 III
1396 1305 1475 1350 556,
1504 1305 1559 1340 14.
1588 1315 1656 1350 pro
1685 1305 1871 1341 ecclesiae

1157 1362 1323 1398 utilitate
1365 1363 1505 1398 missus
1549 1366 1608 1398 est
1650 1366 1688 1398 et
1730 1373 1870 1399 causae

1155 1420 1441 1456 ecclesiasticae
1465 1420 1498 1456 ei
1519 1421 1760 1465 potissimum
1783 1425 1872 1457 sunt

1156 1477 1352 1514 iniunctae
1374 1478 1426 1513 ΙΙΙ
1449 1479 1505 1523 83,
1528 1479 1559 1513 7.
1585 1479 1638 1513 14.
1664 1479 1871 1514 Marcellini

1157 1536 1282 1571 edicto
1311 1536 1358 1571 de
1387 1537 1605 1572 conlatione
1633 1547 1719 1572 cum
1746 1537 1872 1572 Dona-

1157 1594 1260 1629 tistis
1304 1594 1481 1630 habenda
1525 1594 1562 1629 in
1607 1595 1784 1630 omnibus
1828 1606 1868 1630 se

1157 1652 1374 1688 consentire
1406 1663 1463 1697 ep.
1497 1652 1564 1688 128
1595 1652 1765 1688 universi
1797 1652 1873 1697 epi-

1157 1709 1264 1754 scopi
1291 1710 1472 1745 catholici
1497 1710 1794 1745 declaraverunt
1820 1710 1873 1745 III

1156 1768 1213 1812 30,
1244 1768 1277 1802 5.
1311 1767 1411 1802 idem
1444 1778 1502 1813 ep.
1537 1767 1603 1803 129
1637 1768 1686 1803 ad
1719 1768 1874 1803 Marcel-

1156 1824 1274 1859 linum
1331 1825 1527 1870 miserunt,
1586 1836 1660 1870 quo
1718 1835 1874 1874 respon-

1158 1882 1293 1918 derent
1319 1883 1366 1918 ad
1394 1883 1584 1918 notoriam
1611 1893 1635 1918 a
1660 1883 1873 1918 Donatistis

1158 1940 1192 1975 ei
1230 1940 1477 1985 propositam.
1514 1940 1775 1975 Marcellinum
1813 1951 1873 1976 co-

1157 1998 1347 2042 gnitorem
1384 1998 1423 2033 in
1461 1998 1679 2033 conlatione
1717 1998 1874 2033 Cartha-

1153 2055 1304 2100 ginensi
1325 2056 1493 2100 praemio
1514 2055 1633 2091 fuisse
1653 2059 1873 2100 corruptum

1157 2112 1448 2148 Donatistarum
1488 2113 1658 2158 episcopi
1696 2113 1876 2149 dicebant

1159 2170 1212 2205 III
1261 2171 1341 2214 235,
1389 2171 1423 2206 5.
1473 2171 1552 2215 245,
1603 2171 1658 2207 19.
1708 2170 1874 2206 Circum-

1158 2229 1340 2264 celliones
1362 2229 1517 2274 quidam
1540 2232 1578 2264 et
1599 2229 1726 2264 clerici
1748 2229 1874 2263 Dona-

1162 2286 1279 2322 tistae
1321 2296 1407 2321 cum
1449 2286 1673 2322 audirentur
1716 2297 1738 2321 a
1779 2286 1873 2321 Mar-

1159 2344 1309 2389 cellino,
1344 2344 1539 2389 virgarum
1573 2343 1796 2380 verberibus
1830 2354 1875 2379 ac

1158 2402 1359 2437 tormentis
1431 2401 1615 2437 coherciti
1686 2402 1876 2437 horrenda

1161 2459 1334 2495 facinora
1362 2460 1529 2495 confessi
1560 2462 1650 2495 sunt
1676 2459 1729 2494 ΙΙΙ
1757 2459 1813 2504 82,
1841 2460 1874 2494 6.

1159 2517 1216 2562 85,
1250 2518 1283 2561 6,
1315 2517 1363 2553 de
1397 2517 1602 2553 homicidio
1637 2517 1676 2552 in
1708 2517 1876 2552 Restitu-

1160 2578 1241 2609 tum
1265 2575 1468 2610 commisso
1493 2578 1530 2610 et
1554 2575 1600 2610 de
1624 2575 1741 2610 caede
1766 2575 1875 2610 Inno-

1161 2633 1263 2667 centi
1296 2632 1349 2667 III
1382 2634 1438 2672 80.
1475 2633 1528 2667 16.
1564 2642 1660 2677 quos
1694 2643 1741 2667 ne
1777 2632 1875 2668 forte

1161 2693 1271 2737 tanta
1304 2689 1430 2735 legum
1466 2689 1673 2726 severitate
1710 2690 1875 2734 plecten-

1162 2747 1236 2797 dos·
1280 2757 1364 2783 esse
1413 2750 1598 2791 censeret,
1647 2750 1700 2791 ut,
1749 2747 1877 2792 qualia

1166 2804 1360 2848 fecissent,
1402 2805 1495 2840 talia
1539 2808 1772 2850 paterentur,
1815 2804 1873 2839 lit-

1162 2862 1254 2898 teris
1303 2863 1368 2911 133
1416 2862 1625 2897 Marcellini
1671 2861 1783 2898 fidem
1832 2862 1875 2896 A.
