2078 3054
306 157 393 198 410

976 170 1055 206 Ind
1065 181 1084 206 e
1096 182 1121 207 x
1146 171 1209 206 VI.

354 285 634 330 respondentur
665 286 713 328 (v.
743 285 766 320 l.
796 283 1069 328 respondetur)
1106 284 1286 330 rhagadis
1323 287 1384 322 vel
1420 288 1627 324 exochadis
1663 290 1794 326 dolore
1830 294 1867 326 et

354 343 435 387 532,
460 343 490 379 1.
513 365 560 369 —
582 353 667 378 cum
692 342 933 378 credulitatis
957 341 1070 378 fidem

1153 346 1301 380 tumore
1325 344 1359 379 II
1382 345 1438 388 64,
1462 346 1515 380 18.

354 411 424 445 pro
453 411 572 445 puero
601 405 722 436 mater
751 399 991 445 responderit
1019 398 1071 434 IV
1105 407 1275 442 rheuma:
1306 412 1420 452 sputa
1445 409 1653 447 rheumatis
1682 412 1804 448 iacere
1833 412 1866 447 11

355 458 433 502 100,
460 458 503 493 12
526 458 692 502 (Dard.).

1151 466 1231 509 311,
1255 465 1277 500 5
1303 465 1454 510 (men).

306 516 597 560 reSDOUSiffllum
623 516 680 560 (Ξ
696 515 982 560 responsorum)
1007 516 1070 551 de·
1106 528 1356 573 rhythmicus:
1392 531 1428 565 in
1460 529 1591 576 figuris
1623 534 1866 578 geometricis

352 572 453 609 bitor
485 573 501 608 I
534 573 589 618 25,
624 573 681 617 16,
716 574 763 615 cf.
797 573 1069 619 rescriptorum

352 630 502 667 debitor
528 630 582 666 III
609 631 688 675 267,
715 631 748 666 2.

304 699 484 734 respuere
519 699 605 724 cum
639 689 722 731 ints
756 689 896 725 divites
932 689 1069 725 similia

351 747 498 791 perpeti
524 750 710 792 respuunt
735 747 789 782 III
815 747 893 791 213,
921 748 975 783 15.

304 804 494 841 restrictio
522 808 559 840 et
588 804 795 841 cohercitio
822 809 1068 850 peccatorum

350 862 385 896 II
408 862 489 907 583,
515 863 569 898 18.

302 922 517 958 resultatio:
563 922 697 957 horum
742 921 963 966 (viscerum)
1007 931 1067 957 me

349 980 559 1016 manationi
593 980 657 1016 vel
690 979 933 1016 resultationi
967 979 1067 1015 subi-

349 1038 409 1073 cio
433 1037 469 1073 ΙΙ
491 1038 571 1083 635,
596 1038 639 1074 19
662 1038 803 1084 (Sev.);
826 1038 873 1080 ct.
899 1038 1066 1083 resplen-

349 1096 490 1131 dentia.

300 1154 554 1189 resuscitatus
582 1164 605 1189 a
631 1154 790 1190 mortuis
820 1153 872 1189 III
900 1153 978 1198 116,
1007 1153 1064 1197 123

349 1212 396 1253 ct.
422 1211 476 1246 IV
505 1211 581 1257 116,
609 1211 687 1248 *21.
715 1212 794 1256 265,
822 1211 876 1247 *6.
902 1211 982 1256 633,
1009 1211 1064 1246 16.

300 1268 491 1305 retiolum:
529 1279 605 1305 non
641 1269 717 1305 sint
752 1268 863 1305 vobis
898 1273 977 1305 tam
1011 1273 1064 1304 te-

347 1337 439 1363 nera
464 1327 633 1372 capitum
657 1327 838 1373 tegmina,
862 1331 904 1363 ut
927 1326 1065 1363 retiola

347 1384 478 1420 subter
502 1388 715 1431 appareant
737 1385 790 1420 IV
812 1385 892 1428 362,
916 1385 971 1422 25.

299 1443 522 1479 retractatio
569 1443 841 1488 opusculorum
886 1443 938 1478 IV
983 1443 1063 1488 453,

346 1500 401 1536 12.

299 1558 570 1595 retributiones
592 1559 645 1594 IV
664 1559 721 1604 65,
743 1559 821 1594 *22.
844 1559 1061 1604 expectatio

344 1616 607 1653 retributionis
644 1617 691 1653 de
728 1616 879 1653 sublimi
915 1616 1063 1653 iustitia

345 1674 407 1710 dei
432 1674 467 1709 II
493 1674 571 1719 196,
598 1675 652 1711 19.

296 1736 412 1767 retro:
428 1733 529 1768 sicut
543 1733 752 1778 prophetae
768 1737 808 1769 et
821 1732 1061 1778 patriarchae
1077 1738 1078 1781 J

344 1790 390 1826 de
438 1791 555 1836 stirpe
601 1790 789 1835 Abrahae,
836 1791 935 1826 sicut
980 1787 1078 1836 ipsel

345 1851 446 1884 retro
473 1849 509 1892 (i.
536 1859 566 1884 e.
593 1849 713 1894 prior)
738 1849 819 1884 Noe
846 1849 899 1883 III
923 1849 1003 1887 523,
1028 1850 1059 1884 4.

298 1905 483 1942 revelatio
507 1906 598 1941 novi
623 1906 844 1942 testamenti
867 1907 901 1941 II
925 1907 981 1951 61,
1006 1901 1077 1948 18,²

344 1962 432 1998 fidei
460 1963 495 1998 II
520 1964 600 2007 365,
627 1964 659 2001 2.
684 1964 833 2010 gratiae
860 1964 895 1998 Π
920 1965 1001 2008 373,
1028 1964 1077 1999 2.’

344 2021 397 2056 III
419 2021 497 2065 165,
517 2021 572 2056 25.
594 2022 780 2057 revelatio
801 2022 903 2058 beati
925 2022 1076 2058 Iohan-=

343 2078 401 2113 nis
434 2078 468 2113 II
501 2079 580 2124 729,
611 2080 633 2115 9
665 2080 820 2124 (Paua).
855 2090 921 2125 per
954 2086 1076 2137 reve-l

343 2136 524 2172 lationem
548 2137 610 2172 vel
633 2137 769 2174 somnii
791 2138 854 2173 vel
878 2146 1076 2174 excessus*

343 2194 480 2230 mentis
506 2195 539 2229 ΙΙ
562 2196 642 2239 348,
667 2195 722 2231 23.
748 2195 926 2240 *spiritus
953 2183 1076 2241 reve-s

342 2251 496 2287 lationis
518 2252 552 2286 II
572 2253 651 2297 504,
673 2253 716 2288 16
735 2254 891 2297 (Paul.).
912 2245 1076 2299 magni-fi

343 2310 436 2343 tudo
485 2311 765 2346 revelationum
816 2311 870 2345 III
919 2312 974 2355 69,
1022 2313 1075 2354 5·,1

343 2367 389 2408 es.
418 2366 453 2401 11
481 2367 559 2411 294,
589 2368 666 2403 *12.
1073 2360 1075 2373 ¹

295 2424 605 2460 reverentissima
641 2427 689 2469 (v.
726 2426 748 2461 l.
785 2416 1074 2463 reverendissi-]

342 2483 417 2525 ma)
443 2483 654 2519 auctoritas
680 2484 732 2518 IV
757 2485 836 2519 480.
863 2485 905 2520 13
930 2485 1057 2529 (ΗῖΙ.).·

342 2540 387 2580 cf.
420 2541 806 2576 desiderantissimus.
1072 2579 1074 2582 ,

296 2601 490 2632 revertens
526 2599 572 2633 de
608 2598 838 2644 Carthagine
873 2600 889 2634 I
923 2601 978 2643 73,
1015 2601 1058 2634 10

340 2656 501 2698 (I’aul.);
532 2657 577 2696 cf.
609 2657 655 2691 de
688 2657 919 2703 Carthagine
951 2651 1073 2702 repe-¹

341 2713 436 2748 dans
463 2714 513 2747 IV
538 2715 616 2751 398.
645 2715 683 2748 11
712 2716 843 2759 (Vah).

295 2777 484 2812 revolutio
519 2779 559 2821 (i.
593 2789 623 2813 e.
657 2779 770 2821 ordo)
803 2780 987 2823 temporis
1025 2780 1054 2814 ΙΙ

339 2835 419 2872 530.
446 2836 500 2870 18.

1153 590 1191 622 et
1211 587 1435 632 rhythmicis
1457 588 1612 625 musicis
1634 590 1649 625 I
1672 591 1725 628 16.
1745 592 1777 627 7.

1107 650 1229 686 ridere
1276 651 1323 686 ‹le
1372 652 1595 696 insipientia
1641 653 1676 688 II
1723 655 1801 698 723,

1151 709 1305 753 (Parth).

1103 772 1249 818 rigator
1280 782 1314 808 v.
1345 773 1550 818 plantator.

1104 846 1238 882 rogare
1278 847 1363 872 cum
1402 837 1468 879 inf.
1507 847 1626 882 passu.-
1665 838 1864 883 opiniones

1848 657 1867 666 r·

1854 664 1864 690 ί

1150 904 1242 939 rogo
1272 894 1476 930 cuiuslibet
1501 895 1670 932 haeresis
1698 897 1788 942 poni
1815 901 1864 939 et,

1148 953 1240 997 quid
1253 956 1388 988 contra
1402 956 1531 989 teneat
1552 953 1716 990 ecclesia
1735 955 1864 990 catho-

1148 1010 1233 1055 lica,
1254 1010 1365 1046 subdi
1385 1011 1437 1046 IV
1455 1012 1534 1055 444,
1554 1012 1576 1047 7
1594 1011 1796 1057 (Quodv.);
1816 1014 1862 1055 cf.

1149 1068 1165 1103 Ι
1197 1070 1251 1114 77,
1281 1070 1322 1103 21
1355 1070 1509 1113 (Paul.).
1542 1069 1593 1104 IV
1624 1071 1702 1115 614,
1735 1071 1790 1106 22.

1100 1135 1252 1178 rogatu:
1290 1131 1433 1177 absque
1469 1136 1601 1170 nostro
1637 1137 1776 1180 rogatu
1809 1134 1861 1169 III

1146 1190 1225 1234 544,
1254 1190 1296 1226 18
1322 1190 1442 1236 (Hier.
1445 1191 1473 1235 ).

1100 1257 1509 1299 ructarezeructare,
1560 1264 1748 1299 promere:
1800 1255 1862 1290 ab·

1145 1311 1225 1347 dita
1245 1311 1419 1348 ubertate
1439 1312 1555 1348 animi
1576 1313 1688 1358 longe
1710 1317 1861 1349 ructare

1145 1369 1289 1406 fluenta
1314 1369 1331 1404 Ι
1354 1370 1411 1414 90,
1436 1370 1458 1405 5
1483 1370 1652 1414 (Εἱεεηιί
1676 1373 1859 1416 carmen).

1098 1434 1291 1470 ruminare
1316 1433 1551 1480 cogitatione
1576 1434 1628 1469 IV
1653 1435 1732 1472 603.
1756 1435 1812 1470 22.

1099 1497 1338 1533 rumusculos
1362 1497 1493 1543 populi
1517 1497 1708 1543 requirere
1733 1498 1859 1543 11256,

1146 1555 1190 1589 12
1216 1555 1366 1600 (Hier.).

1098 1629 1175 1654 rus:
1208 1619 1268 1654 hic
1299 1629 1368 1654 nos
1399 1619 1528 1663 potius
1558 1631 1671 1665 quam
1702 1620 1860 1656 Cartha-

1077 1684 1079 1726 j
1143 1677 1223 1722 gini
1245 1677 1307 1712 vel
1330 1677 1445 1713 etiam
1468 1677 1506 1712 in
1530 1688 1615 1713 rure
1639 1688 1685 1713 ex
1709 1682 1857 1714 senten-

1144 1735 1199 1770 tia
1224 1745 1336 1780 posse
1363 1735 1501 1781 degere
1528 1736 1543 1770 Ι
1570 1736 1625 1780 23,
1652 1737 1684 1771 4.

1097 1850 1337 1886 sabbatarius
1387 1855 1454 1886 aut
1503 1851 1774 1887 dominicarius
1825 1852 1857 1886 11

1142 1908 1198 1952 51,
1222 1909 1254 1944 3.

1096 1970 1309 2017 sabbatum,
1336 1972 1416 2008 dies
1446 1972 1594 2008 sabbati
1621 1972 1655 2007 II
1680 1973 1737 2017 32,
1763 1973 1795 2007 4.
1823 1973 1856 2008 9.

1140 2030 1197 2073 34,
1228 2030 1260 2065 8.
1290 2029 1368 2065 *11.
1399 2031 1452 2065 14.
1482 2030 1538 2074 36,
1569 2030 1599 2065 1.
1628 2031 1686 2074 37,
1716 2030 1770 2065 11.
1803 2030 1855 2065 15.

1141 2089 1197 2132 39,
1223 2089 1267 2123 20
1296 2089 1531 2137 saepissima
1561 2089 1719 2124 sabbato
1749 2089 1857 2133 spiri-

1141 2145 1209 2181 tali
1233 2144 1433 2181 sabbatum
1458 2145 1610 2181 carnale
1635 2146 1797 2182 cessisse
1822 2145 1855 2180 II

1140 2204 1195 2247 54,
1238 2204 1344 2239 10.—-
1359 2204 1558 2239 sabbatum
1576 2219 1615 2232 Ξ
1633 2204 1855 2239 hebdomas:

1141 2262 1211 2307 bis,
1240 2266 1309 2306 ter,
1339 2266 1474 2307 quater
1506 2262 1544 2297 in
1576 2263 1734 2297 sabbato
1766 2262 1856 2298 ieiu-

1140 2329 1232 2354 nare
1257 2319 1292 2353 II
1315 2320 1371 2363 36,
1397 2320 1450 2355 13.
1475 2320 1533 2364 37,
1559 2320 1613 2354 12.
1639 2320 1692 2356 13.
1720 2320 1773 2354 14.
1798 2321 1854 2364 38,

1073 2396 1075 2404 ι
1140 2376 1161 2411 2
1193 2377 1240 2412 αῖ.
1275 2387 1350 2412 una
1384 2376 1532 2412 sabbati
1566 2381 1655 2412 tune
1689 2377 1854 2422 appella-

1140 2433 1252 2469 batur
1283 2434 1375 2478 dies,
1410 2435 1474 2479 qui
1507 2445 1607 2469 nunc
1641 2435 1853 2470 dominicus

1140 2492 1359 2536 appellatur
1385 2495 1454 2527 etc.
1484 2492 1517 2526 ΙΙ
1545 2493 1599 2529 57.
1630 2493 1778 2527 14-18:
1807 2494 1853 2534 cf.

1072 2564 1073 2569 ¹
1139 2550 1194 2584 57.
1225 2549 1278 2584 ³³²4.
1309 2550 1363 2584 21.
1391 2550 1447 2594 58,
1476 2550 1507 2584 2.
1539 2550 1616 2593 188.
1644 2551 1677 2585 9.
1706 2554 1853 2595 quarta,

1140 2607 1283 2652 quinta.
1323 2611 1432 2642 sexta
1471 2607 1618 2642 sabbati
1657 2597 1691 2642 ll
1727 2609 1784 2651 39,
1820 2609 1852 2643 5.

1139 2665 1194 2708 59,
1218 2666 1272 2699 19.
1296 2665 1350 2701 23.
1374 2665 1427 2699 24.
1452 2666 1506 2699 60.
1533 2666 1562 2699 1.
1586 2666 1617 2700 4.
1643 2666 1695 2700 15.
1720 2666 1796 2709 164,
1818 2665 1851 2700 ’1.

1140 2723 1192 2757 14.
1235 2723 1315 2757 dies
1358 2723 1569 2758 dominicus
1611 2727 1698 2767 post
1739 2724 1852 2768 septi-

1139 2791 1238 2815 mum
1289 2781 1436 2816 ¹<abbati
1485 2786 1646 2817 octavus
1695 2786 1752 2818 est
1800 2783 1851 2817 III

1070 2856 1072 2867 2
1137 2838 1215 2881 462.
1240 2840 1270 2872 4.
