2078 3054
288 149 369 197 130
957 162 1098 205 Index
1125 161 1171 205 V.

331 289 504 324 conferre
532 287 682 323 Christo
708 286 770 320 vel
797 285 911 320 etiam
938 294 1044 329 prae-

331 347 429 381 ferre
452 344 663 381 conantur?
688 344 739 378 ΙΙΙ
764 344 841 387 145,
863 343 899 385 53
924 341 1042 376 multo

329 404 462 440 melior
490 403 716 448 Apollonius
744 401 815 436 fuit
844 411 957 445 quam
986 402 1044 434 tot

330 467 548 507 stuprorum
584 464 731 504 auctor,
767 470 877 504 quem
914 459 1043 493 Iovem

329 521 527 556 nominant
556 520 633 563 145,
658 519 691 554 9.

282 590 678 635 apophoretum
716 598 749 623 v.
785 587 940 622 velatio.

283 665 602 711 apostolus:
645 664 884 698 firmamenta
925 661 1043 697 eccle-

331 725 409 759 siae
437 724 501 769 qui
530 723 603 758 nisi
632 721 808 767 apostoli,
837 722 900 766 qui
929 720 1043 755 etiam

332 782 530 818 columnae
573 780 662 815 alibi
705 779 946 824 appellantur
989 777 1041 812 ΙΙΙ

330 841 407 885 185,
440 841 495 875 20.
528 843 617 875 ante
649 838 867 883 passionem
900 835 1043 872 domini

328 899 493 944 apostoli
527 898 696 933 nondum
731 896 922 931 habebant
954 894 1044 938 bap-

329 958 482 992 tismum
522 956 663 992 Christi
705 955 773 990 sed
812 954 1041 999 baptismum

328 1012 509 1051 Iohannis
535 1015 568 1049 II
596 1015 673 1057 117,
699 1014 755 1048 23.
781 1023 850 1048 nec
877 1010 1042 1057 apostoli

329 1084 460 1109 omnes
496 1073 688 1109 Christum
722 1071 904 1106 videbant
939 1071 1044 1115 (Am-

330 1132 499 1175 brosius)
527 1131 578 1165 III
607 1131 685 1171 291,
714 1130 769 1165 18.
795 1129 875 1172 304,
903 1129 936 1163 9.
963 1128 1044 1168 305,

328 1189 383 1224 21.
418 1189 498 1237 329,
533 1189 566 1223 7.
602 1186 826 1222 Ambrosius
862 1185 1042 1221 credebat

330 1247 556 1293 quibusdam
598 1245 784 1291 apostolis
826 1244 1041 1279 divinitatis

328 1316 479 1350 quoque
508 1305 627 1350 ipsius
654 1304 842 1339 visionem
870 1301 1041 1348 potuisse

328 1364 462 1399 donari
491 1364 544 1398 III
571 1363 652 1406 305,
681 1363 736 1398 23.
767 1361 1042 1406 Hierosolymis

332 1421 498 1466 apostoli
540 1418 805 1470 decrevg'erant,
850 1430 896 1454 ne
939 1418 1040 1463 quis-

327 1491 440 1525 quam
476 1483 610 1525 gentes
647 1482 802 1523 cogeret
838 1477 1042 1519 iudaizare,

328 1549 405 1574 non
429 1542 558 1573 autern
582 1538 845 1580 decreverant,
870 1547 917 1571 ne
942 1535 1043 1580 quis-

328 1607 441 1641 quam
490 1601 580 1631 tunc
632 1596 795 1631 Iudaeos
850 1595 1042 1629 iudaizare

328 1654 546 1700 prohiberet
578 1655 612 1689 II
644 1654 724 1698 361,
756 1654 787 1688 2.
820 1664 931 1689 nemo
963 1662 1042 1688 um-

329 1724 442 1758 quam
466 1713 728 1758 apostolorum
752 1713 790 1747 in
815 1711 1043 1747 causa'fidei

329 1783 388 1807 res
415 1782 503 1807 suas
528 1771 668 1807 iudicio
695 1771 845 1815 publico
870 1770 1042 1805 defendit

329 1829 363 1864 11
389 1829 468 1874 456,
491 1830 525 1864 6.
552 1839 629 1864 non
654 1828 874 1873 petiverunt
899 1838 923 1862 a
947 1827 1042 1873 regi-

329 1886 398 1922 bus
438 1891 561 1923 terrae
600 1887 767 1931 apostoli
805 1889 939 1921 contra
977 1886 1043 1920 im-

329 1946 492 1990 pietates
529 1945 634 1990 leges
671 1945 791 1980 iustas
830 1945 881 1979 IV
919 1946 973 1989 17,
1010 1945 1042 1979 7.

329 2004 494 2049 apostoli
536 2004 696 2039 sabbato
738 2014 860 2048 neque
902 2004 1044 2039 ieiuna-

330 2060 422 2096 bant
462 2072 584 2106 neque
626 2061 830 2105 vacabant,
873 2068 916 2096 eo
959 2061 1042 2106 ipso

330 2120 428 2155 enim
466 2120 528 2155 die
565 2124 603 2155 et
639 2120 970 2154 manducaverunt
1006 2123 1044 2154 et

329 2178 529 2214 vulserunt
563 2178 688 2222 spicas
721 2177 755 2212 II
787 2179 843 2222 35,
878 2178 933 2212 21.
967 2188 1043 2212 non

330 2236 504 2271 solebant
544 2236 710 2281 apostoli
750 2236 941 2271 dominico
982 2235 1043 2270 die

331 2295 565 2330 sollemniter
592 2295 763 2330 ieiunare
791 2294 895 2339 1157,
912 2295 968 2338 13;
995 2294 1040 2335 cs.

329 2353 385 2396 58,
422 2354 453 2387 7.
493 2353 545 2388 14.
583 2353 639 2387 23.
676 2352 874 2397 apostolos
912 2361 1042 2387 omnes

330 2411 405 2446 dici
459 2421 536 2446 non
586 2414 715 2456 potest
766 2410 926 2445 sabbato
976 2413 1043 2444 aut

331 2469 499 2504 ieiunare
536 2473 603 2504 aut
640 2470 825 2513 prandere
864 2468 1044 2504 Christia-

332 2536 400 2561 nos
451 2526 627 2561 docuisse
678 2526 711 2560 ΙΙ
759 2527 816 2570 50,
863 2527 897 2561 9.
947 2526 1044 2561 inter

336 2585 545 2629 scripturas
560 2584 765 2629 praecipue
780 2584 1042 2629 apostolorum

331 2642 481 2687 linguas
522 2643 746 2677 exhortatur
783 2642 827 2676 A.
864 2645 907 2676 ut
944 2642 1044 2687 lega-

332 2711 429 2743 mus3
475 2711 522 2735 ex
567 2700 624 2734 his
670 2701 769 2735 enim
812 2700 861 2734 ad
905 2709 1044 2744 cogno-

332 2758 494 2792 scendos
535 2758 742 2802 prophetas
783 2757 1044 2800 excitabimur,

332 2826 491 2860 quorum
517 2815 745 2851 testimoniis
772 2819 930 2850 utuntur
956 2825 1044 2859 apo-

1125 285 1213 319 stoli
1242 285 1294 319 III
1323 285 1379 324 79.
1409 286 1462 321 17.
1493 285 1694 331 integritas
1723 290 1837 331 atque

1124 343 1261 378 notitia
1295 343 1506 387 scripturae
1539 344 1748 380 canonicae
1784 345 1838 380 sic

1125 401 1351 444 custoditur,
1403 406 1446 436 ut
1500 402 1571 437 sub
1622 402 1837 438 nominibus

1123 460 1385 503 apostolorum
1443 461 1563 495 multa
1621 460 1839 505 confingere

1125 517 1269 552 frustra
1313 518 1466 562 quidam
1511 519 1640 554 conati
1686 519 1761 553 sint
1807 519 1840 553 II

1124 576 1202 619 483,
1238 577 1268 610 1.
1303 586 1338 611 v.
1373 575 1596 620 baptismus.
1631 576 1838 621 baptizare.

1077 655 1370 689 apparere:
1418 646 1635 690 specialiter
1679 649 1747 680 aut
1792 646 1838 681 de

1125 704 1271 748 angelis
1319 707 1385 739 aut
1433 704 1480 739 de
1528 705 1600 739 deo
1651 704 1840 749 scriptura

1124 761 1255 796 divina
1277 766 1406 797 tenere
1427 763 1642 807 consuevit,
1661 766 1715 807 ut,
1736 763 1838 807 quod

1123 830 1201 855 non
1234 824 1362 865 potest
1394 821 1622 865 praevideri,
1654 831 1839 866 apparere

1124 878 1274 914 dicatur
1303 879 1356 913 III
1386 879 1465 923 289,
1495 880 1540 914 10
1567 879 1744 924 (Ambr.).
1773 886 1839 923 ap·-

1125 938 1251 981 paruit
1287 937 1425 982 Ioseph
1460 948 1527 982 per
1563 938 1751 973 somnium
1786 937 1839 972 III

1123 996 1203 1039 494,
1236 996 1281 1030 26
1313 1000 1351 1031 et
1373 999 1569 1041 apparent
1601 995 1741 1031 mortui
1772 999 1839 1031 aut

1124 1064 1190 1098 per
1214 1054 1312 1089 diem
1337 1058 1403 1089 aut
1426 1065 1493 1099 per
1516 1057 1667 1090 noctem
1692 1054 1771 1098 494,
1796 1055 1834 1089 11

1124 1116 1162 1147 et
1187 1112 1231 1147 27
1257 1113 1431 1157 (Evod.);
1458 1113 1503 1154 cs.
1531 1113 1584 1147 III
1609 1113 1689 1157 500,
1715 1113 1770 1147 14.

1077 1193 1136 1227 ap
1152 1193 1175 1227 p
1190 1193 1213 1217 a
1227 1193 1244 1217 r
1258 1182 1268 1217 i
1284 1185 1300 1216 t
1312 1192 1335 1217 o
1350 1193 1367 1216 r
1432 1182 1622 1218 hominem
1688 1186 1837 1227 raptum

1124 1245 1229 1276 tenet
1257 1241 1291 1276 ΙΙ
1317 1241 1397 1285 660,
1424 1242 1456 1276 5.

1078 1310 1310 1355 Appius:
1339 1315 1381 1346 ut
1410 1311 1517 1346 iuxta
1544 1311 1710 1356 Appium
1738 1311 1839 1345 cani-

1123 1380 1172 1404 na
1207 1373 1449 1405 exerceretur
1484 1370 1665 1405 facundia
1699 1370 1839 1414 (Hier.)

1123 1426 1177 1461 III
1204 1427 1284 1472 636,
1312 1428 1344 1462 9.
1372 1427 1424 1462 IV
1448 1428 1529 1471 303,
1555 1428 1588 1463 9.

1078 1490 1391 1542 Apringius,
1426 1498 1474 1533 ad
1509 1508 1620 1542 quem
1655 1497 1746 1532 data
1781 1501 1838 1532 est

1123 1555 1288 1600 epistula
1328 1557 1405 1600 134,
1447 1556 1651 1601 proconsul
1691 1555 1744 1590 III
1783 1555 1839 1599 83,

1124 1614 1179 1649 16.
1207 1614 1427 1659 Marcellini,
1455 1614 1597 1649 tribuni
1624 1618 1661 1649 et
1688 1613 1838 1658 notarii,

1124 1673 1242 1708 frater
1271 1673 1325 1707 III
1353 1674 1409 1716 85,
1439 1674 1471 1707 7.
1500 1683 1575 1708 una
1604 1683 1690 1708 cum
1721 1673 1838 1707 fratre

1124 1730 1250 1767 subito
1299 1732 1425 1766 iussus
1473 1736 1531 1767 est
1576 1731 1741 1766 adtineri
1786 1731 1838 1765 III

1123 1790 1202 1835 385,
1230 1791 1284 1826 13.
1312 1791 1367 1825 19.
1393 1794 1553 1835 uterque
1580 1789 1837 1825 Caecilianum

1124 1849 1294 1893 gravites
1330 1849 1544 1884 offenderat
1579 1848 1633 1883 III
1666 1849 1746 1892 385,
1784 1849 1838 1883 13.

1125 1907 1236 1942 simul
1264 1917 1349 1942 cum
1377 1907 1494 1942 fratre
1522 1907 1673 1942 occisus
1701 1911 1758 1942 est
1786 1906 1838 1940 111

1124 1966 1203 2009 387,
1230 1966 1264 2000 5.
1292 1966 1372 2010 388,
1401 1966 1455 2000 19.

1078 2034 1457 2080 Aptungensis
1491 2035 1638 2079 11409,
1673 2035 1726 2070 16.
1759 2035 1839 2078 599,

1125 2094 1157 2128 8.
1199 2093 1253 2127 ΠΙ
1293 2094 1350 2138 37,
1391 2094 1424 2128 6.
1467 2093 1546 2138 243,
1589 2094 1642 2128 15.
1685 2093 1763 2137 245,
1806 2094 1838 2127 4.

1126 2152 1413 2197 Aptungitanus
1452 2151 1486 2186 Π
1524 2152 1580 2196 86,
1619 2152 1674 2186 28.
1712 2152 1769 2196 88,
1807 2153 1838 2186 7.

1125 2211 1181 2254 94,
1213 2210 1267 2245 21.
1299 2211 1355 2254 96,
1387 2210 1441 2244 24.
1472 2210 1552 2255 601,
1585 2210 1638 2245 16.
1668 2210 1748 2254 602,
1781 2210 1838 2253 17;

1126 2269 1172 2310 cf.
1209 2268 1327 2303 Felix.
1364 2268 1604 2304 Caecilianus
1640 2268 1839 2313 magistra-

1126 2331 1187 2361 tus
1221 2327 1572 2372 Aptungitanorum
1605 2327 1639 2361 II
1671 2328 1750 2370 410,
1784 2327 1839 2361 11.

1079 2400 1269 2441 aptum,
1306 2397 1368 2432 cui
1405 2408 1451 2432 ex
1490 2397 1653 2432 adverso
1690 2400 1749 2432 est
1787 2396 1839 2431 in-

1126 2459 1267 2499 eptum,
1307 2455 1417 2500 quasi
1457 2456 1657 2500 religatum
1699 2455 1840 2500 pendet

1126 2513 1278 2548 aliunde
1313 2524 1382 2549 nec
1418 2524 1464 2548 ex
1500 2518 1620 2548 semet
1654 2514 1749 2558 ipso.
1771 2513 1838 2548 sed

1127 2582 1173 2606 ex
1207 2582 1263 2615 eo,
1296 2572 1358 2606 cui
1391 2573 1615 2616 conectitur,
1650 2572 1841 2607 iudicatur

1127 2629 1179 2663 III
1205 2629 1282 2670 129,
1308 2629 1363 2664 21.

1082 2698 1115 2732 A
1130 2709 1153 2743 p
1168 2702 1181 2732 t
1197 2709 1220 2733 u
1236 2709 1252 2733 s
1296 2699 1478 2734 Iudaeum
1520 2703 1558 2734 et
1600 2698 1838 2734 Israhelitam

1127 2767 1167 2792 se
1195 2757 1361 2792 vocabat
1389 2761 1427 2792 et
1455 2757 1619 2792 docebat
1647 2757 1841 2792 iudaizare

1127 2815 1364 2850 Christianos
1400 2815 1451 2850 IV
1486 2815 1565 2859 229,
1600 2815 1655 2850 21.
1691 2815 1770 2850 230.
1805 2816 1839 2849 4.
