2078 3054
734 587 1263 656 PRAEFATIO.

295 842 339 895 S.
371 853 511 895 Aureli
553 852 776 907 Augustini
820 852 1025 907 epistulae
1067 866 1150 895 non
1192 853 1436 906 antiquitus,
1495 853 1602 895 sicut
1649 868 1759 896 nune

236 922 346 969 sunt,
387 917 584 959 collectae
620 916 673 957 ad
706 920 890 958 nostram
922 917 1163 958 memoriam
1195 921 1415 969 venerunt,
1456 916 1529 959 sed
1561 931 1757 973 magnam

238 985 397 1035 partein
437 980 651 1035 dispersae
683 980 885 1034 paulatim
918 984 1079 1021 tantum
1112 985 1152 1021 et
1182 980 1224 1021 in
1257 981 1373 1022 libris
1405 994 1500 1023 mss.
1526 985 1566 1022 et
1596 981 1637 1022 in
1671 981 1757 1023 edi-

235 1044 420 1086 tionibus
457 1049 670 1086 crescente
708 1044 749 1085 in
789 1043 877 1085 dies
915 1057 1087 1086 numero
1121 1044 1498 1099 coniungebantur,
1541 1045 1600 1085 ita
1631 1050 1674 1086 ut
1706 1059 1758 1087 ne

237 1121 347 1150 nune
369 1108 538 1162 quidem
560 1107 641 1149 diei
664 1108 794 1162 possit
816 1120 974 1159 omnes,
998 1121 1105 1160 quae
1127 1108 1349 1162 supersint,
1382 1108 1540 1149 litteras
1562 1109 1644 1149 iam
1668 1122 1758 1151 esse

236 1172 434 1214 conlatas.
469 1185 550 1225 qua
571 1186 615 1214 re
638 1171 794 1213 factum
817 1175 892 1223 est,
930 1175 975 1212 ut
1005 1170 1100 1212 libri
1131 1184 1228 1213 mss.
1262 1185 1343 1225 quo
1376 1172 1458 1214 sint
1488 1172 1757 1227 antiquiores,

236 1249 284 1277 eo
322 1236 525 1278 minorem
563 1236 833 1290 epistularum
875 1248 1092 1276 numerum
1134 1234 1330 1277 habeant.
1375 1235 1516 1289 itaque
1557 1235 1757 1289 codicem,

237 1299 277 1340 in
313 1313 393 1352 quo
426 1299 660 1354 complures
683 1299 886 1353 epistulae
909 1298 1192 1350 inveniantur,
1225 1298 1502 1352 antiquiorem
1525 1313 1606 1341 non
1631 1299 1758 1342 habe-

236 1376 327 1404 mus
359 1362 548 1404 Parisino
581 1376 677 1404 nov.
701 1375 792 1414 aeq.
823 1362 931 1402 1672
963 1362 1130 1404 saeculo
1154 1362 1214 1403 IX
1247 1363 1398 1417 scripto
1423 1376 1558 1416 neque
1579 1364 1759 1418 amplius

236 1426 289 1466 88
328 1426 529 1480 epistulas
565 1439 674 1478 euin,
717 1425 841 1467 etiam
881 1439 974 1467 cum
1011 1426 1175 1480 integer
1206 1430 1330 1478 esset,
1348 1427 1378 1479 ¹)
1411 1426 1666 1469 continuisse
1698 1427 1757 1468 vi-

235 1489 399 1543 demus;
434 1489 600 1531 saeculo
632 1494 770 1531 autem
794 1489 1032 1543 insequenti
1055 1490 1096 1530 in
1120 1488 1304 1531 codicem
1329 1490 1623 1532 Monacensem
1647 1491 1758 1531 6266

236 1557 460 1607 congestas
502 1566 593 1594 esse
631 1550 833 1607 epistulas
875 1552 968 1605 127,
1011 1553 1177 1595 saeculo
1215 1553 1275 1594 XI
1313 1553 1356 1594 in
1389 1554 1622 1595 Parisinum
1661 1569 1758 1595 nov.

234 1630 326 1670 aeq.
356 1617 465 1657 1444
497 1616 698 1670 epistulas
733 1617 827 1668 135,
860 1617 1026 1658 saeculo
1048 1617 1131 1658 XII
1163 1617 1205 1658 in
1239 1617 1473 1659 Parisinum
1499 1618 1639 1658 14480
1671 1618 1757 1672 epi-

235 1681 366 1721 stulas
400 1680 495 1732 150,
527 1680 693 1722 saeculo
722 1681 827 1721 XIII
858 1680 900 1721 in
933 1681 1185 1722 Trecensem
1218 1680 1274 1721 40
1306 1681 1507 1735 epistulas
1539 1681 1633 1734 207,
1667 1695 1757 1724 sae-

236 1744 327 1785 culo
358 1743 437 1784 XV
479 1743 521 1784 in
555 1744 805 1785 Vaticanum
838 1744 922 1785 499
964 1744 1166 1798 epistulas
1199 1744 1298 1798 2493
1343 1749 1466 1798 atque
1510 1745 1656 1786 similis
1698 1750 1758 1786 cst

236 1806 466 1848 editionum
489 1807 613 1860 rati03
647 1821 744 1848 nam
777 1821 870 1848 culn
903 1820 964 1859 ea,
999 1821 1104 1860 quae
1137 1807 1288 1849 dicitur
1318 1808 1526 1863 princeps,
1561 1809 1761 1863 epistulas

236 1870 390 1911 habeat
418 1870 509 1922 183,
534 1871 729 1928 Frobenii
752 1870 856 1912 alias
879 1870 930 1910 38
955 1870 1222 1923 addiderunt,
1255 1871 1544 1914 Lovanicnses
1564 1873 1669 1914 alias
1691 1873 1758 1925 29,

236 1933 489 1975 Reinbartus
520 1934 626 1975 alias
658 1935 696 1986 6,
729 1935 787 1975 ita
818 1940 863 1975 ut
895 1935 1075 1976 Maurini
1111 1934 1286 1977 adiectis
1324 1935 1415 1977 aliis
1456 1937 1506 1976 16
1540 1949 1758 1977 numerum

235 1996 319 2037 272
352 1996 582 2038 litterarum
615 1998 697 2038 sint
728 1997 929 2039 adsecuti.

294 2059 410 2109 Quae
443 2074 535 2102 eum
568 2061 626 2101 ita
658 2074 701 2102 se
734 2060 931 2109 habeant,
966 2061 1046 2103 duo
1078 2062 1273 2104 librorum
1308 2077 1403 2105 mss,
1427 2076 1584 2117 genera
1606 2076 1757 2118 suppe-

235 2123 385 2176 ditant,
432 2125 609 2166 alteruin
650 2138 806 2177 eorum,
849 2125 918 2178 qui
957 2126 1058 2180 ipsis
1097 2126 1286 2180 epistulis
1318 2132 1413 2167 sunt
1445 2126 1658 2178 destinati,
1699 2128 1757 2168 al-

235 2192 367 2228 terum
402 2200 556 2239 eorum,
590 2188 630 2229 in
665 2189 815 2241 quibus
846 2189 939 2230 aliis
961 2189 1185 2243 Augustini
1214 2190 1279 2231 vel
1307 2190 1483 2232 aliorum
1513 2191 1757 2244 scriptorum

234 2251 431 2304 operibus
445 2251 647 2305 epistulae
662 2265 826 2305 quoque
840 2253 1061 2294 nonnullae
1074 2253 1299 2295 adiunctae
1312 2258 1407 2295 sunt
1419 2258 1490 2294 aut
1503 2254 1757 2296 interiectae.

235 2314 275 2354 hi
309 2315 437 2356 inulto
475 2314 556 2356 illis
594 2319 689 2356 sunt
728 2316 866 2369 plures
899 2329 1035 2369 neque
1067 2317 1313 2358 auctoritate
1346 2317 1517 2371 ccdunt;
1562 2317 1687 2358 innno
1719 2323 1758 2359 et

233 2377 513 2430 antiquissimi
546 2378 713 2420 codices
744 2380 853 2419 inter
885 2392 956 2421 eos
987 2384 1083 2421 sunt
1116 2385 1157 2421 et
1182 2380 1342 2422 litterae
1365 2381 1424 2422 ita
1445 2380 1660 2435 dispersae
1684 2395 1758 2422 sua

235 2442 402 2495 propria
431 2441 594 2495 origine
626 2455 675 2483 ae
706 2443 1009 2497 propagatione
1041 2448 1173 2484 artem
1208 2444 1392 2485 criticam
1426 2444 1536 2485 haud
1567 2459 1658 2486 raro
1682 2445 1755 2486 ini-

234 2518 323 2545 rum
355 2505 394 2545 in
430 2504 597 2546 modum
622 2506 778 2547 iuvant.
813 2506 885 2547 sed
914 2521 1094 2561 magnae
1117 2506 1215 2549 inde
1238 2507 1507 2549 difficultates
1530 2514 1759 2549 nascuntur

234 2568 285 2619 ei,
329 2569 395 2620 qui
430 2569 652 2622 Augustini
687 2570 886 2624 epistulas
918 2570 1042 2612 edere
1075 2575 1205 2625 parat.
1239 2576 1364 2624 atque
1387 2572 1562 2626 primuni
1588 2571 1754 2624 quidem

296 2706 321 2740 ¹5
349 2705 401 2740 Cf.
423 2718 454 2751 p.
478 2707 700 2742 Xlx—XX.
