2078 3054
881 120 1020 155 Index
1051 120 1092 155 V.
1679 106 1760 148 163

258 237 446 272 hominem
479 240 649 271 nostrum
681 235 872 279 passione,
903 244 967 270 no-

258 306 346 329 vum
400 294 679 329 resurrectione
733 292 968 338 significavit

259 352 309 386 IV
347 352 422 396 108,
460 352 511 386 14.
547 351 711 387 ecclesia
744 351 781 385 in
815 350 966 385 Christo

259 410 487 453 patiebatur,
517 409 671 454 quando
704 419 772 452 pro
805 408 968 444 ecclesia

259 467 489 513 patiebatur,
525 467 622 501 sicut
659 467 773 501 etiam
809 466 891 510 ipse
930 466 966 499 iu

258 524 421 559 ecclesia
452 524 681 568 patiebatur,
713 523 866 569 quando
899 532 967 566 pro

260 582 322 616 iilo
356 582 519 617 ecclesia
552 582 770 625 patiebatur
803 580 857 614 III
892 581 968 624 169,

259 640 289 674 2.
321 639 496 674 Christus
528 640 632 683 deus,
666 639 727 674 dei
761 639 871 683 filius,
903 638 968 673 do-

259 698 384 732 minus
409 697 554 742 gloriae
582 702 683 732 recte
706 697 846 732 dicitur
874 697 968 731 deus

259 755 474 798 crucifixus,
506 765 589 789 cum
621 755 690 790 hoc
721 766 805 790 eum
837 765 969 789 secun-

260 812 348 847 dum
387 823 539 847 carnem
578 823 733 856 passum
772 823 854 847 esse
893 821 968 846 non

260 870 468 905 secundum
510 870 612 914 illud,
651 870 752 915 quod
792 870 969 904 dominus

259 928 404 972 gloriae
451 932 520 971 est,
567 938 642 961 non
688 928 871 962 habeatur
916 927 969 961 in-

260 991 404 1020 certum
446 985 495 1019 llI
533 985 611 1029 617,
650 986 703 1019 22.
742 985 867 1028 portio
905 995 968 1019 no-

261 1050 339 1077 stra
373 1053 474 1077 mors
507 1043 648 1077 Christi
681 1048 739 1078 est
772 1043 805 1077 ΙΙ
838 1043 917 1087 502,
949 1043 971 1077 6

259 1101 413 1142 (Palm).
474 1100 648 1135 Christus
697 1111 763 1135 cur
811 1105 969 1135 mortem

262 1158 425 1193 voluerit
471 1159 506 1192 in
549 1163 759 1202 conspectu
801 1158 970 1193 inimico-

262 1227 341 1250 rum
374 1216 464 1259 pati,
495 1216 812 1251 resurrectionem
843 1221 969 1251 autem

262 1273 425 1308 noluerit
453 1274 588 1308 alicnis
616 1274 879 1309 demonstrare
904 1274 970 1309 sed

263 1331 341 1364 suis¹
371 1331 421 1364 111
451 1332 526 1374 175,
552 1333 582 1366 7.
609 1332 754 1366 15—21.
781 1332 857 1377 qui,
882 1332 991 1383 quia}

262 1389 395 1432 voluit,
432 1394 604 1423 mortuus
641 1394 709 1433 est,
747 1400 821 1434 quo
858 1390 991 1444 modo²

262 1446 395 1490 voluit,
427 1451 599 1481 mortuus
630 1452 689 1482 est
721 1447 773 1481 111
806 1447 883 1491 211,
918 1448 970 1481 11.

263 1504 353 1539 solis
389 1504 449 1539 ille
482 1504 668 1548 defectus,
702 1504 856 1550 quando
891 1515 971 1539 cru-

262 1562 397 1596 cifixus
428 1567 486 1597 est
515 1562 700 1606 Christus,
730 1573 805 1597 non
836 1562 971 1597 solitus

263 1620 329 1654 scd
362 1630 451 1654 vere
487 1620 670 1654 mirabilis
703 1625 785 1655 erat
818 1626 855 1655 et
887 1630 971 1664 pro-

262 1677 435 1721 digiosus
468 1677 517 1711 lv
550 1678 627 1722 273,
661 1678 712 1712 18.
744 1679 992 1723 quibusdam.

263 1734 465 1769 videbatur
522 1741 641 1770 morte
699 1735 841 1770 Christi
898 1735 992 1770 iam*

263 1792 351 1827 talis
381 1793 609 1827 resurrectio
637 1793 823 1837 praestita
850 1793 972 1837 iustis.

263 1850 386 1894 qualis
421 1851 528 1885 nobis
561 1851 597 1885 in
631 1851 703 1886 fine
737 1851 972 1894 promit-titur

264 1907 316 1941 111
364 1908 443 1952 528,
491 1909 545 1942 20.
594 1908 737 1943 Christi
785 1919 973 1944 resurrec-

264 1966 404 2000 tionem
453 1976 527 1999 non
575 1966 672 2000 sicut
719 1971 887 2001 nostram
934 1965 993 2000 in'

264 2023 418 2067 longum
470 2023 614 2058 differri
666 2025 869 2067 oportebat
920 2023 972 2058 III

267 2081 342 2123 175,
388 2081 442 2115 15:
488 2081 534 2121 cf.
579 2082 654 2126 187,
697 2082 752 2116 22.
798 2082 873 2126 189,
919 2082 971 2116 10.

266 2138 367 2172 nullo
397 2139 510 2173 modo
542 2139 664 2182 potuit
699 2149 838 2183 corpus
869 2139 973 2174 Chri-

266 2196 313 2229 sti
358 2207 440 2230 cum
485 2197 729 2240 corruptione
773 2207 972 2242 resurgere

268 2253 316 2286 lv
342 2253 421 2297 329,
447 2254 505 2297 217,
532 2254 578 2294 cf.
605 2254 659 2288 ΙΙΙ
687 2255 762 2298 187,
790 2255 842 2290 18.
868 2254 993 2302 Chri-'3

266 2316 346 2345 ¹<tus
389 2317 473 2354 post
519 2312 836 2347 resurrectionem
877 2312 973 2347 cica-

265 2368 379 2402 trices
408 2379 482 2403 non
509 2369 671 2404 vulnera
693 2370 971 2405 demonstravit

265 2425 544 2470 dubitantibus,
586 2432 676 2462 tunc
717 2432 843 2462 autern
887 2427 972 2462 illae

266 2482 384 2518 falsae
447 2484 645 2519 cicatrices
707 2485 881 2528 fuissent,
942 2485 994 2537 si}

266 2540 370 2575 nulla
405 2541 563 2576 vulnera
602 2542 902 2585 praecessissent
941 2542 994 2594 ΙΙ,

264 2598 342 2641 550,
380 2599 411 2632 5.
449 2600 500 2633 10.
538 2610 612 2643 quo
649 2599 762 2635 modo
799 2600 973 2634 Christus

266 2661 350 2698 post
410 2657 737 2700 resurrectionem,
796 2668 880 2692 cum
936 2657 994 2691 in!

266 2713 397 2747 codem
442 2724 601 2757 corpore
646 2715 909 2759 resurrexerit,
952 2725 994 2768 a¹

266 2770 501 2814 quibusdam.
545 2772 606 2815 qui
648 2783 731 2806 eum
774 2777 973 2807 noverant.

1052 237 1089 268 et
1114 233 1269 278 agnitus
1295 244 1370 268 non
1396 234 1443 269 sit
1470 239 1507 269 et
1530 234 1685 279 agnitus
1710 234 1760 269 sit

1052 290 1104 324 111
1149 292 1228 335 376,
1275 291 1447 335 20—378,
1489 292 1521 326 3.
1567 291 1758 327 Christum

1052 349 1203 384 venisse
1240 349 1277 384 in
1317 349 1505 384 infernum
1542 350 1636 384 satis
1674 360 1760 384 con-

1053 411 1129 441 stat
1153 405 1205 440 III
1231 407 1310 451 523,
1336 407 1388 442 18.
1413 407 1444 442 si
1469 411 1629 452 utraque
1654 407 1760 452 regio

1052 468 1090 498 et
1117 464 1327 499 dolentium
1360 470 1398 499 et
1429 465 1761 509 requiescentium,

1053 522 1090 556 id
1123 527 1181 557 est
1212 527 1250 557 et
1282 522 1344 557 ubi
1374 522 1484 557 dives
1517 522 1578 557 ille
1611 527 1761 568 torque-

1054 580 1164 614 batur
1188 584 1223 615 et
1250 580 1312 615 ubi
1337 590 1483 624 pauper
1511 580 1573 615 ille
1596 580 1762 616 laetaba-

1053 642 1124 682 tur,
1169 637 1206 671 in
1250 637 1399 672 inferno
1443 648 1526 673 esse
1571 637 1763 673 credenda

1053 700 1122 740 est,
1155 695 1330 730 Christus
1363 696 1411 730 ad
1446 700 1646 741 utramque
1679 705 1763 740 par-

1053 757 1128 787 tem
1163 753 1315 788 venisse
1350 753 1504 788 videtur
1536 753 1585 787 IV
1621 754 1674 798 86,
1710 754 1762 788 13.

1054 811 1262 846 secundum
1333 811 1498 846 animam
1571 811 1762 846 Christum

1055 868 1171 908 fuisse
1196 869 1299 913 apud
1325 869 1467 903 inferos
1490 873 1622 913 aperte
1647 869 1764 912 scrip-

1055 930 1142 961 tura.
1184 926 1355 961 declarat
1398 926 1452 960 III
1493 927 1571 971 528,
1616 927 1672 970 16;
1716 926 1762 967 cf.

1056 983 1106 1018 IV
1145 984 1199 1028 84,
1240 986 1290 1019 14.
1330 985 1384 1028 85,
1424 985 1475 1019 15.
1514 984 1569 1029 89,
1607 985 1638 1019 3.
1677 984 1763 1019 ideo

1054 1042 1255 1077 descendit
1291 1043 1328 1077 in
1364 1042 1566 1087 infernum,
1599 1046 1651 1087 ut,
1685 1042 1765 1088 qui-

1054 1100 1123 1135 bus
1155 1101 1337 1144 oportuit,
1371 1100 1591 1135 subveniret
1626 1100 1677 1133 IV
1709 1100 1763 1143 86,

1058 1158 1109 1192 10.
1147 1158 1301 1203 quinam
1338 1158 1400 1192 isti
1437 1158 1524 1202 sint,
1561 1168 1656 1203 quos
1693 1158 1765 1192 sol-

1055 1215 1157 1250 visse
1195 1216 1345 1250 dicatur
1384 1216 1522 1251 inferni
1557 1216 1765 1259 doloribus,

1056 1274 1298 1308 temerarium
1335 1279 1392 1308 est
1425 1274 1599 1316 definire,
1635 1273 1765 1307 variae

1056 1332 1101 1366 de
1128 1331 1196 1365 hac
1223 1342 1261 1366 re
1288 1331 1490 1374 opiniones
1518 1331 1570 1365 ΙΙΙ
1595 1331 1674 1375 5-24,
1698 1331 1765 1365 8—

1055 1390 1134 1433 534,
1162 1390 1217 1424 21.
1245 1389 1419 1424 Christus
1448 1389 1522 1423 illis
1551 1389 1672 1433 iustis,
1701 1388 1765 1433 qui

1056 1447 1093 1481 in
1126 1447 1211 1499 sirnu
1246 1451 1353 1482 era-nt
1388 1447 1574 1491 Abrahae,
1609 1457 1692 1481 cum
1728 1446 1765 1479 in

1056 1502 1205 1539 inferna
1264 1504 1528 1550 descenderet,
1587 1504 1767 1547 nondum,

1056 1563 1146 1607 quid
1197 1562 1434 1606 contulisset,
1484 1572 1523 1597 se
1572 1562 1766 1597 invenisse

1056 1620 1149 1654 dicit
1189 1620 1243 1664 A„
1281 1631 1303 1655 a
1339 1620 1475 1665 quibus
1512 1631 1597 1654 eum
1635 1630 1766 1655 secun-

1056 1677 1144 1712 dum
1219 1678 1432 1712 beatificam
1509 1677 1765 1721 praesentiam

1058 1745 1148 1771 suae
1201 1735 1417 1770 divinitatis
1471 1746 1676 1780 numquam
1727 1745 1766 1769 se

1058 1793 1188 1828 videre
1243 1794 1447 1828 recessisse
1500 1792 1552 1826 111
1605 1793 1683 1837 528,
1736 1793 1766 1826 5.

1058 1850 1199 1886 Christi
1229 1861 1368 1895 corpus
1398 1851 1450 1885 ita
1481 1851 1517 1885 in
1548 1850 1653 1885 caelo
1683 1860 1766 1885 esse

1057 1908 1237 1944 credebat
1270 1909 1323 1953 A„
1358 1913 1397 1943 ut
1433 1909 1579 1953 fuisset,
1613 1908 1766 1953 quando

1057 1966 1297 2002 ascendisset
1336 1967 1373 2001 in
1413 1966 1559 2001 caelum
1600 1965 1651 1999 IV
1687 1966 1766 2009 3⁶24,

1058 2024 1111 2059 21.
1140 2034 1279 2068 corpus
1306 2024 1460 2069 Christi,
1485 2024 1587 2069 quod
1614 2033 1767 2067 corrup-

1058 2082 1199 2117 tionem
1246 2082 1462 2126 putredinis
1508 2082 1545 2116 in
1592 2081 1767 2125 sepulcro

1059 2150 1133 2174 non
1181 2140 1290 2184 vidit,
1338 2150 1438 2174 nunc
1487 2140 1526 2174 in
1573 2139 1768 2182 incorrup-

1058 2198 1161 2233 tione
1197 2198 1374 2232 consistit
1410 2202 1447 2233 et
1483 2203 1540 2233 est
1575 2197 1613 2232 in
1645 2196 1769 2242 gloria

1060 2256 1161 2290 vitae
1214 2260 1394 2290 aeternae
1447 2260 1485 2290 et
1536 2255 1573 2289 in
1624 2255 1766 2289 virtute

1059 2317 1194 2357 regnat
1245 2317 1294 2357 et,
1343 2313 1445 2357 quod
1496 2317 1578 2347 erat
1629 2322 1767 2355 corpus

1058 2370 1235 2415 animale,
1273 2380 1373 2405 nunc
1409 2375 1467 2405 est
1505 2369 1677 2414 spiritale
1718 2369 1766 2403 IV

1058 2429 1136 2473 330,
1169 2428 1314 2463 10—18.
1345 2439 1420 2473 quo
1450 2428 1563 2463 modo
1593 2427 1768 2463 Christus

1059 2496 1158 2520 nunc
1207 2496 1290 2521 esse
1339 2485 1518 2520 credatur
1566 2485 1603 2519 in
1650 2484 1767 2527 caelo,

1059 2554 1143 2578 cum
1190 2543 1358 2587 pendens
1403 2543 1440 2577 in
1485 2543 1587 2587 ligno
1633 2541 1771 2577 latroni

1059 2600 1213 2636 dixerit:
1256 2600 1389 2635 ‘Hodie
1429 2610 1575 2635 mecum
1615 2600 1690 2635 eris
1730 2599 1767 2633 in

1060 2658 1252 2700 paradiso‘
1279 2658 1330 2692 lv
1354 2658 1409 2702 83,
1437 2658 1583 2701 11—89,
1607 2658 1639 2691 5.
1663 2656 1768 2692 Chri-

1059 2720 1140 2750 stus
1174 2715 1277 2750 misit
1312 2715 1487 2758 spiritum
1522 2719 1695 2750 sanctum
1731 2717 1768 2748 et

1060 2772 1230 2815 implevit
1279 2772 1410 2807 fideles
1454 2783 1531 2807 una
1573 2772 1610 2806 in
1654 2772 1767 2806 domo

1501 2842 1560 2874 11*
