2078 3054
352 141 477 176 XXVl
993 138 1236 175 Praefatio.

349 264 561 313 acceptae.
598 271 661 313 ep.
687 257 917 299 221-224
950 270 1002 298 ex
1035 255 1259 311 Augustini
1289 255 1393 298 libro
1422 254 1475 297 de
1505 255 1751 299 haeresibus
1780 262 1877 299 sunt

349 327 552 377 sumptae.
587 335 651 377 ep.
681 320 905 363 195-202
939 325 980 362 et
1011 320 1209 361 94-151
1246 318 1394 361 eodem
1428 319 1514 362 fere
1546 319 1693 363 ordine
1716 326 1812 363 sunt
1834 322 1875 363 in

350 386 492 428 codice
525 386 748 429 Casinensi
786 385 835 426 16
868 388 909 426 et
940 385 1071 427 Paris.
1105 397 1200 425 nov.
1235 396 1326 437 aeq.
1367 383 1508 435 1672.)

408 449 578 502 Omnes,
612 462 720 502 quae
753 453 850 491 sunt
881 448 924 489 in
963 448 1068 489 libro
1103 448 1309 489 Vaticano
1345 446 1444 500 495,
1485 447 1691 502 epistulae
1729 449 1875 491 eodem

348 513 496 556 ordine
534 512 690 554 codicis
728 507 893 566 quoque
926 511 1121 553 Vaticani
1152 511 1237 552 499
1275 511 1547 566 posteriorem
1585 516 1747 565 partem
1780 526 1875 554 eon-

349 576 506 629 fieiunt,
557 575 735 631 priorem
784 580 923 617 autem
959 576 1048 617 eius
1088 579 1253 630 partem
1296 587 1441 616 omnes
1479 575 1683 629 epistulae
1721 576 1877 618 codicis

348 639 615 682 Monacensis
646 639 759 680 6266
792 639 941 681 eodem
974 639 1134 691 ordine,
1174 643 1470 693 praeterquam
1508 638 1620 692 quod
1658 644 1751 693 post
1788 641 1873 695 epi·-

347 704 499 746 stulam
527 704 608 744 166
631 703 810 745 accessit
833 703 1011 758 epistula
1039 704 1132 755 167,
1156 716 1263 756 quae
1285 702 1403 744 deest
1425 703 1468 743 in
1492 702 1597 745 libro
1619 703 1873 746 Monacensi.

347 767 531 809 medium
563 771 703 808 autem
727 767 834 808 inter
857 767 933 809 has
955 772 1106 822 partes
1128 767 1263 808 locum
1295 766 1488 808 obtinent
1515 766 1734 820 epistulae,
1768 780 1875 820 quae

346 831 473 873 finem
516 831 677 873 faciunt
724 830 879 873 codicis
920 831 1115 873 Vaticani
1157 830 1254 883 496,
1302 834 1470 885 praeter
1511 832 1743 871 extremam
1791 831 1874 872 213

347 894 477 949 (‘aeta
510 895 827 949 ecelesiastica‘)
860 908 1007 937 ornnes
1038 894 1186 936 eodem
1218 893 1365 936 ordine
1397 894 1639 934 217-162.

407 958 520 1008 Quas
568 959 624 999 24
665 958 868 1013 epistulas
910 958 1198 1000 Lovanienses
1243 957 1342 999 inde
1387 958 1510 1013 primi
1552 956 1790 1010 ediderunt,
1833 958 1874 999 in

348 1027 523 1077 utroque
556 1022 700 1064 codiee
733 1027 828 1064 sunt
861 1026 1062 1075 extremo,
1096 1035 1160 1077 ep.
1185 1022 1281 1063 216.
1311 1021 1537 1063 180—206
1562 1026 1602 1063 et
1627 1021 1872 1077 103—1513

346 1091 444 1128 sunt
474 1086 601 1141 igitur
632 1086 853 1141 epistulae:
891 1086 955 1127 11.
992 1085 1057 1127 12.
1091 1087 1158 1128 50.
1194 1085 1261 1127 94.
1297 1085 1362 1128 95.
1399 1085 1493 1126 103.
1532 1085 1623 1126 104.
1658 1085 1750 1127 106.
1779 1085 1872 1126 107.

350 1150 442 1192 108.
482 1150 573 1192 142.
612 1151 703 1192 151.
742 1149 834 1191 158.
873 1150 965 1191 179.
1005 1150 1097 1191 180.
1133 1150 1229 1191 206.
1264 1149 1359 1191 209.
1396 1150 1493 1190 216.
1528 1148 1624 1191 229.
1655 1148 1752 1191 230.
1776 1149 1871 1191 231.

346 1214 443 1255 237.
479 1213 575 1257 263.
609 1214 706 1256 269.
741 1226 794 1254 ex
827 1213 979 1267 quibus
1011 1213 1217 1268 epistulae
1254 1214 1347 1255 103.
1385 1213 1480 1255 104.
1517 1212 1609 1254 179.
1646 1212 1740 1256 180.
1775 1212 1871 1254 206.

348 1278 443 1319 237.
478 1277 563 1318 263
604 1277 647 1319 in
691 1277 804 1319 nullo
835 1277 975 1319 adhue
1006 1277 1087 1319 alio
1119 1278 1224 1319 libro
1256 1290 1331 1319 ms.
1355 1281 1579 1332 potuerunt
1606 1273 1885 1330 investigari·.‘

344 1340 399 1382 ad
431 1340 736 1383 restituendam
776 1341 997 1396 epistulam
1032 1340 1087 1381 94
1124 1341 1208 1383 iam
1241 1341 1419 1382 Maur-ini
1457 1340 1645 1383 codicem
1683 1339 1870 1382 Phimar-

345 1418 585 1457 conensem,
618 1418 743 1459 quem
766 1406 979 1446 vocabant
1010 1404 1083 1459 (ππ
1108 1405 1344 1447 Parisinum
1370 1404 1543 1456 11641),
1575 1403 1873 1457 adhibuerunt,

344 1469 434 1523 ipse
472 1469 707 1510 Parisinum
750 1482 916 1522 quoque
954 1483 1048 1511 nov.
1088 1483 1181 1522 aeq.
1227 1468 1335 1509 1672
1367 1473 1408 1510 et
1447 1467 1873 1511 Clieltenhamensem

345 1533 479 1587 21733
512 1532 566 1574 ad
599 1532 820 1587 epistulam
853 1533 936 1573 216
970 1533 1148 1575 Maurini
1181 1539 1266 1575 tres
1297 1532 1401 1574 alios
1433 1532 1612 1584 codices,
1646 1532 1736 1587 ipse
1769 1532 1872 1575 San-

343 1597 573 1652 gallensem
608 1596 701 1647 140,
725 1596 1040 1638 Admontanum
1072 1597 1166 1649 125,
1191 1597 1426 1639 Parisinum
1452 1596 1584 1650 28073
1616 1596 1671 1638 ad
1700 1610 1763 1651 ep.
1787 1597 1871 1637 209

345 1661 499 1702 contuli
529 1659 804 1702 Bodleianum
838 1660 906 1713 94,
939 1660 993 1702 ad
1026 1674 1089 1715 ep.
1122 1660 1216 1702 106.
1253 1659 1348 1702 229.
1383 1659 1479 1702 230.
1519 1660 1601 1701 231
1636 1660 1870 1703 Parisinum

344 1738 439 1766 ῐιον.
463 1738 554 1778 aeq.
583 1725 692 1765 1672
715 1728 756 1766 et
780 1724 1107 1766 Laurentianum
1138 1725 1197 1768 St.
1225 1724 1370 1767 Crucis
1391 1725 1493 1779 plut.
1518 1724 1643 1766 XVII
1667 1723 1801 1767 dextr.
1826 1725 1869 1778 23

343 1788 397 1830 ad
430 1793 604 1840 ceteras,
638 1787 680 1830 id
713 1792 776 1830 est
806 1787 861 1829 ad
893 1801 957 1843 ep.
988 1790 1051 1830 11.
1088 1788 1153 1830 12.
1187 1788 1255 1831 50.
1290 1789 1356 1830 95.
1396 1788 1487 1829 107.
1527 1787 1622 1830 108.
1655 1788 1749 1828 142.
1778 1788 1869 1829 151.

349 1851 439 1893 158.
474 1852 557 1892 269
590 1852 825 1894 Parisinum
858 1865 952 1894 nov.
987 1865 1079 1906 aeq.
1117 1852 1240 1894 1672.

401 1916 536 1958 Libris
567 1916 694 1970 igitur
727 1915 944 1957 Vaticanis
975 1915 1060 1957 495
1093 1921 1134 1958 et
1164 1916 1248 1957 499
1282 1929 1377 1958 eum
1410 1916 1452 1957 in
1490 1915 1555 1957 his
1593 1915 1649 1956 24
1680 1915 1871 1970 epistulis

343 1992 442 2021 usus
473 1993 564 2021 sum
597 1985 683 2021 tum
708 1979 749 2020 in
772 1979 867 2021 aliis
889 1979 958 2037 38,
992 1993 1100 2033 quae
1123 1985 1222 2022 sunt
1244 1979 1470 2034 epistulae:
1501 1981 1533 2020 1.
1559 1981 1596 2020 2.
1620 1980 1660 2020 4.
1687 1979 1868 2020 13—15.

343 2044 409 2084 56.
444 2043 511 2085 57.
545 2043 613 2085 59.
647 2042 831 2084 61›-—65.
872 2042 937 2085 69.
982 2043 1166 2085 83—85.
1210 2043 1449 2084 113—-115.
1494 2043 1732 2085 124—126.
1777 2043 1868 2084 169.

344 2106 439 2149 204.
475 2107 570 2149 208.
605 2108 701 2148 211.
726 2107 822 2149 218.
847 2107 942 2148 246.
968 2107 1064 2149 247.
1095 2107 1192 2149 251.
1217 2107 1312 2149 252.
1339 2105 1582 2148 254-256.
1608 2106 1703 2148 267.
1734 2106 1869 2161 268¹)

400 2170 482 2220 Qui
514 2171 607 2212 libri
632 2171 840 2223 Vaticani,
874 2171 980 2212 sieut
1013 2171 1106 2212 libri
1139 2171 1295 2213 saeculi
1319 2171 1396 2212 XV
1430 2183 1521 2212 esse
1549 2170 1697 2222 solent,
1730 2171 1871 2212 verbis

343 2238 382 2276 et
416 2234 619 2289 corruptis
651 2239 692 2275 et
729 2234 894 2276 omissis
930 2234 1158 2276 admodum
1198 2239 1297 2276 sunt
1333 2233 1567 2289 depravati,
1607 2234 1664 2275 ita
1702 2238 1746 2275 ut.
1783 2234 1868 2289 epi-

341 2298 489 2350 stulae,
522 2298 564 2339 in
597 2298 749 2351 quibus
781 2303 947 2353 praeter
978 2299 1079 2340 istos
1115 2298 1243 2340 libros
1276 2298 1504 2340 Vaticanos
1542 2311 1653 2339 nune
1691 2298 1868 2352 primum

342 2361 520 2403 Parisini
554 2375 649 2402 nov.
682 2374 773 2414 aeq.
812 2362 921 2402 1672
954 2367 994 2403 et
1024 2362 1201 2404 aliorum
1233 2375 1312 2417 ope
1344 2362 1402 2403 uti
1436 2360 1535 2402 mihi
1569 2361 1756 2415 contigit,
1795 2361 1869 2402 mi·

341 2438 430 2466 rum
474 2429 676 2478 quantum
713 2425 969 2480 profecerint
1006 2425 1049 2467 in
1086 2425 1378 2480 recuperanda
1416 2425 1592 2480 pristina
1629 2424 1869 2479 integritate

342 2488 457 2530 velut
494 2488 698 2543 imprimis
735 2502 799 2543 ep.
831 2488 896 2530 95.
941 2488 1033 2531 108.
1077 2490 1169 2531 151.
1210 2489 1318 2531 inter
1355 2490 1468 2543 ipsos
1504 2492 1643 2531 autern
1683 2489 1870 2530 maxima

340 2557 517 2607 apparet
560 2551 823 2605 mendorum,
860 2552 1248 2607 interpolationum,
1291 2554 1536 2595 lacunarum
1578 2552 1870 2604 communitas,

341 2621 386 2657 ut
417 2628 545 2670 saepe
576 2615 717 2658 facere
749 2629 832 2658 non
865 2617 1012 2670 possis,
1045 2617 1144 2670 quin
1175 2616 1401 2671 suspiceris
1423 2615 1675 2657 Vaticanum
1699 2615 1783 2656 499
1816 2629 1869 2657 ex

342 2679 547 2721 Vaticano
578 2680 663 2720 495
702 2693 794 2722 esse
826 2679 1095 2735 descriptum.
1136 2693 1272 2735 neque
1312 2693 1410 2722 vero
1448 2680 1505 2721 ita
1543 2693 1587 2721 se
1625 2693 1691 2721 res
1728 2679 1866 2721 habet.

400 2768 426 2810 ¹)
453 2766 534 2801 Non
561 2766 637 2810 ipse
657 2766 730 2800 vidi
756 2766 823 2801 hos
841 2767 996 2811 codices,
1024 2768 1089 2802 sed
1108 2768 1192 2802 mihi
1222 2768 1453 2803 contulerunt
1474 2778 1537 2802 eos
1557 2766 1645 2801 Llul.
1666 2765 1867 2810 Zdekuuer.

346 2817 466 2853 llerm.
494 2817 669 2860 Koebcrt,
697 2817 802 2853 Miclz.
832 2818 1062 2864 Petschenig.
1675 2834 1681 2838 ·
