2078 3054
323 156 405 198 126

365 289 542 335 animam,
578 293 621 325 ut
657 300 704 326 ex
741 290 822 326 eius
860 290 1080 336 plenissima

364 348 602 384 beatitudine
649 349 837 385 redundet
881 350 996 384 etiam
1042 349 1079 384 in

367 407 587 444 interiorem
635 412 824 453 naturam,
871 409 973 454 quod
1021 411 1079 444 est

365 475 517 511 corpus,
541 466 761 511 plenitudo
807 466 997 511 sanitatis,
1042 465 1080 501 id

365 528 424 559 est
459 524 756 570 incorruptionis
790 525 901 570 vigor
934 524 969 560 11
1000 525 1080 569 679,

364 582 396 617 2.
429 583 556 618 anima
588 582 728 619 Christi
761 593 838 619 non
871 583 993 619 solum
1026 583 1079 618 in-

364 642 535 677 mortalis
596 642 805 678 secundum
867 645 1079 678 ceterarum

364 704 540 736 naturam
571 701 639 736 sed
671 701 786 736 etiam
817 700 921 736 nullo
951 700 1077 736 morti-

364 758 479 794 ficata
522 763 682 805 peccato
727 759 790 795 vel
833 759 1079 795 damnatione

365 817 499 863 punita
524 821 594 862 est,
617 817 754 863 quibus
778 818 926 854 duabus
952 817 1079 853 causis

365 888 468 913 mors
493 877 644 913 animae
669 877 843 923 intellegi
868 881 997 922 potest
1023 876 1078 912 III

364 936 444 980 539,
463 937 496 971 8.
516 939 558 971 ut
579 936 628 971 ad
649 946 851 982 personam
871 935 978 971 verbi
997 935 1078 970 uni-

364 994 498 1039 geniti.
547 993 765 1040 pertineret,
827 1004 902 1039 quo
964 996 1078 1039 pacto

364 1063 430 1097 per
463 1052 621 1088 liberum
655 1052 852 1087 arbitrium
888 1062 964 1087 una
998 1051 1080 1087 sola

363 1110 490 1146 anima
515 1110 729 1155 meruisset,
756 1111 828 1146 nisi
854 1111 925 1146 hoc
952 1110 1097 1155 singu-v

1094 1151 1097 1169 l

363 1168 454 1204 laris
476 1169 602 1216 gratia
623 1168 904 1214 praestitisset?
926 1169 978 1204 IV
1000 1169 1096 1212 117,¹

364 1227 419 1262 21.
457 1228 542 1273 quis
578 1231 655 1263 tam
693 1228 742 1263 sit
779 1227 1001 1272 sacrilegus,
1037 1232 1079 1263 ut

362 1282 517 1321 audeat'
535 1285 736 1322 adfirmare
767 1286 933 1331 aliquam
966 1296 1078 1331 posse

363 1344 527 1380 animam
565 1354 632 1389 per
666 1344 841 1380 meritum
878 1344 986 1379 liberi
1021 1355 1078 1379 ar-

362 1402 477 1446 bitrii,
534 1406 578 1438 ut
633 1403 730 1438 alter
786 1402 836 1438 sit
892 1402 1078 1447 Christus,

364 1460 538 1496 efficere?
565 1460 617 1496 IV
644 1461 721 1505 117,
747 1461 802 1497 19.

409 1531 524 1566 Primi
582 1531 746 1566 hominis
804 1531 930 1567 anima
989 1534 1078 1566 ante

362 1589 563 1635 peccatum
593 1583 753 1625 etiamsi
772 1590 941 1625 nondum
972 1589 1076 1634 spiri-

362 1648 439 1683 tale
475 1657 613 1693 corpus
649 1648 717 1684 sed
752 1648 915 1684 animale
950 1651 1077 1683 tamen

363 1717 431 1751 pro
455 1706 612 1742 arbitrio
636 1706 808 1752 regebat3
834 1710 921 1752 post
944 1717 1077 1752 pecca-

363 1763 442 1800 tum
464 1769 592 1801 autem
615 1765 669 1801 sic
691 1768 751 1800 est
773 1766 810 1800 in
834 1764 1077 1801 inferioribus

363 1823 587 1869 corporibus
649 1823 838 1868 ordinata,
899 1827 941 1858 ut
1002 1834 1078 1859 non

362 1882 464 1917 omni
506 1883 620 1918 modo
662 1893 729 1928 pro
771 1882 928 1918 arbitrio
970 1889 1078 1928 regat

367 1951 506 1985 corpus
550 1951 673 1985 suum,
715 1941 783 1976 sed
826 1941 925 1976 sicut
967 1941 1072 1987 leges

363 1999 627 2035 universitatis
661 1998 792 2034 sinunt
824 1999 878 2034 III
910 1999 989 2044 256,
1024 2000 1078 2034 14.

364 2057 421 2095 12:
456 2057 502 2099 cf.
536 2057 614 2102 255,
645 2059 679 2093 3.
712 2058 815 2093 nulla
847 2058 974 2093 anima
1005 2058 1077 2092 nisi

363 2115 475 2151 unius
509 2115 731 2151 mediatoris
765 2126 842 2151 non
876 2127 922 2151 ex
955 2116 1077 2151 Adam

362 2174 480 2209 trahit
512 2174 698 2219 originale
732 2178 933 2219 peccatum
965 2184 1078 2220 gene-

362 2232 510 2268 ratione
531 2232 765 2277 devinctum,
787 2233 1077 2279 regeneratione

364 2291 590 2326 solvendum
622 2291 675 2326 IV
705 2291 784 2335 315,
814 2292 847 2327 9.
881 2291 1078 2336 originalis

363 2349 513 2394 peccati
547 2353 695 2385 reatum
729 2350 857 2385 anima
891 2349 956 2384 ubi
990 2359 1078 2385 con-

363 2407 491 2451 traxit,
519 2407 620 2443 unde
648 2411 826 2453 oporteat
852 2418 936 2444 eam
963 2408 1077 2444 etiam

363 2468 402 2502 in
463 2468 608 2504 infante
658 2479 736 2513 -per
798 2472 1077 2504 sacramentum

363 2528 603 2564 Christianae
636 2530 784 2574 gratiae
817 2529 993 2565 liberari?
1025 2529 1077 2564 IIl

362 2589 442 2633 555,
470 2590 502 2624 9.
533 2590 577 2624 Α,
605 2590 731 2625 adhuc
761 2600 800 2625 se
831 2590 974 2625 fatetur
1001 2600 1078 2625 non

364 2649 569 2694 invenisse,
598 2660 710 2695 quem
740 2651 788 2686 ad
817 2651 971 2686 modum
1000 2651 1078 2686 ani-

364 2717 425 2745 ma
448 2714 485 2746 et
509 2714 710 2755 peccatum
734 2722 780 2746 ex
804 2711 927 2746 Adam
950 2711 1077 2746 trahat

364 2774 403 2805 et
437 2771 520 2815 ipsa
556 2781 601 2806 ex
637 2772 759 2807 Adam
794 2782 870 2807 non
905 2771 1078 2807 trahatur

366 2831 417 2865 IV
457 2832 536 2875 305,
577 2832 631 2866 28.
670 2831 734 2866 ubi
775 2832 837 2867 vel
876 2832 976 2867 unde
1016 2832 1096 2867 vel¹

993 171 1134 209 Index
1157 173 1202 209 V.

1162 289 1315 334 quando
1369 290 1567 336 coeperint
1620 291 1877 328 damnationis

1161 347 1337 383 meritum
1358 348 1498 385 habere
1517 350 1679 395 animae,
1700 350 1731 387 si
1751 361 1876 387 novae

1164 409 1263 451 sunt,
1304 406 1349 442 A.
1391 408 1560 443 nondum
1602 419 1643 445 se
1683 409 1876 446 invenisse

1163 465 1307 500 fatetur
1331 465 1384 500 IV
1412 466 1490 511 147,
1516 466 1570 502 19.
1769 467 1771 469 ’

1207 534 1252 569 Ιῐι
1285 545 1444 581 corpore
1479 537 1717 583 corruptibili
1751 539 1876 574 anima

1161 593 1373 629 constituta
1407 598 1559 631 terrena
1592 597 1756 641 quadam
1789 607 1877 632 con-

1162 651 1319 698 tagione
1376 653 1655 700 constringitur
1711 659 1750 691 et
1807 655 1875 691 tali

1161 720 1298 757 onere·
1322 712 1488 756 quodam
1522 712 1648 748 'modo
1694 713 1877 759 depressa

1161 772 1346 804 curvatur
1371 769 1423 804 III
1448 771 1503 815 77,
1532 771 1589 814 113
1614 771 1687 807 hoc
1712 771 1876 807 fortasse

1163 827 1354 873 significat
1376 828 1511 864 mulier
1530 829 1594 864 illa
1614 829 1652 864 in
1673 829 1875 876 evangelio

1161 896 1229 931 per
1256 886 1388 922 decem
1419 890 1456 922 et
1486 891 1575 923 octo
1605 898 1727 923 annos
1758 898 1877 924 curva

1161 945 1217 989 78,
1251 945 1284 980 5.
1320 945 1448 980 anima
1483 946 1682 982 rationalis
1718 947 1876 982 interest

1161 1003 1320 1039 rationis
1371 1015 1481 1039 usum
1531 1014 1698 1050 quonam
1748 1005 1876 1050 potius

1160 1062 1361 1099 voluntate
1404 1067 1619 1108 convertat,
1660 1067 1786 1099 utrum
1828 1064 1876 1100 ad

1161 1122 1261 1158 bona
1295 1124 1496 1159 exterioris
1530 1128 1568 1160 et
1600 1124 1792 1160 inferioris
1827 1135 1876 1160 an

1160 1184 1208 1219 ad
1239 1183 1339 1219 bona
1370 1184 1561 1220 interioris
1593 1186 1876 1231 superiorisque

1161 1248 1333 1290 naturae,
1357 1245 1394 1280 id
1419 1249 1488 1290 est,
1511 1249 1638 1281 utrum
1662 1250 1704 1281 ut
1727 1247 1875 1282 fruatur

1161 1316 1320 1351 corpore
1351 1310 1388 1342 et
1417 1310 1599 1352 tempore,
1627 1316 1676 1342 an
1705 1311 1747 1342 ut
1776 1307 1875 1342 frua-

1160 1370 1221 1401 tur
1256 1367 1459 1403 divinitate
1495 1371 1610 1412 atque
1647 1368 1875 1404 aeternitate

1160 1426 1213 1462 111
1245 1428 1323 1473 157,
1353 1429 1385 1464 8.
1418 1428 1545 1463 anima
1576 1429 1743 1464 humana
1775 1440 1875 1465 rece-

1161 1488 1254 1524 dens
1294 1500 1317 1524 a
1353 1489 1424 1524 deo
1463 1489 1570 1525 velut
1608 1490 1699 1526 luna
1734 1501 1758 1526 a
1795 1491 1875 1526 sole

1160 1559 1292 1585 omnes
1316 1550 1417 1585 vires
1441 1561 1530 1585 suas
1552 1551 1591 1585 in
1613 1555 1764 1587 terrena
1787 1561 1873 1587 con-

1160 1610 1288 1655 vertit,
1323 1611 1388 1646 sed
1425 1622 1510 1646 cum
1546 1612 1669 1648 redire
1706 1613 1875 1658 coeperit

1159 1672 1207 1707 ad
1239 1673 1363 1717 deum,
1396 1678 1539 1718 quanto
1572 1673 1694 1719 magis
1725 1673 1759 1709 ei
1791 1684 1874 1719 pro-

1160 1734 1331 1779 pinquat.
1380 1738 1488 1770 tanto
1538 1735 1659 1780 magis
1709 1735 1875 1770 exterior

1160 1795 1272 1830 homo
1310 1796 1576 1841 corrumpitur,
1614 1796 1682 1831 sed
1718 1796 1875 1831 interior

1160 1860 1368 1892 renovatur
1397 1857 1444 1892 de
1472 1857 1533 1893 die
1563 1857 1600 1892 in
1630 1857 1730 1893 diem
1760 1861 1797 1893 et
1826 1857 1874 1892 ad

1161 1918 1357 1962 superiora
1386 1919 1624 1954 convertitur
1653 1918 1686 1953 11
1715 1919 1793 1964 178,
1820 1919 1873 1953 10.

1159 1979 1286 2014 anima
1361 1979 1558 2015 rationalis
1637 1979 1874 2025 superiorum

1159 2041 1410 2085 neglectu=et
1444 2041 1618 2086 appetitu
1653 2041 1873 2076 inferiorum

1160 2101 1201 2136 fit
1248 2101 1331 2146 ipsa
1378 2102 1544 2137 deterior
1592 2102 1645 2136 III
1694 2102 1771 2146 157,
1818 2101 1873 2136 22.

1158 2162 1285 2197 anima
1314 2163 1345 2197 si
1373 2163 1470 2198 male
1497 2163 1617 2198 utitur
1644 2162 1766 2207 bonis,
1793 2173 1873 2208 per-

1159 2233 1269 2259 verse
1317 2222 1428 2258 bonis
1476 2224 1619 2259 utendo
1668 2223 1710 2258 fit
1759 2223 1873 2265 mala3

1160 2288 1310 2320 creator
1342 2284 1436 2319 bene
1469 2284 1588 2319 utitur
1620 2284 1734 2320 etiam
1765 2284 1873 2319 malis

1159 2349 1198 2381 et
1231 2345 1406 2381 ordinate
1440 2346 1555 2381 etiam
1589 2345 1697 2380 malis
1731 2344 1873 2380 utendo

1161 2410 1357 2452 permanet
1387 2406 1510 2442 bonus
1542 2406 1594 2441 III
1627 2407 1704 2451 158,
1736 2407 1767 2441 1.
1796 2416 1874 2441 non

1159 2467 1285 2506 efficit,
1337 2467 1463 2502 anima
1523 2477 1702 2512 perverse
1763 2471 1873 2502 utens

1159 2528 1357 2572 creaturis,
1391 2532 1433 2563 ut
1467 2528 1747 2564 ordinatIOnem
1782 2527 1873 2563 effu—

1158 2589 1240 2635 giat
1267 2589 1451 2625 creatoris
1478 2589 1530 2623 Ill
1559 2589 1636 2633 157,
1664 2589 1720 2624 27.
1747 2588 1873 2623 anima

1160 2650 1314 2695 propria
1352 2650 1553 2685 voluntate
1594 2650 1632 2684 in
1673 2653 1872 2694 peceatum

1159 2714 1218 2746 est
1248 2710 1432 2755 conlapsa
1462 2720 1531 2745 nec
1563 2709 1715 2745 liberari
1746 2712 1873 2755 potest

1159 2771 1231 2806 nisi
1264 2771 1389 2817 gratia
1421 2771 1483 2806 dei
1516 2781 1580 2815 per
1613 2770 1737 2805 Iesum
1770 2770 1872 2805 Chri-

1160 2835 1259 2867 stum
1286 2832 1338 2866 ΙΙΙ
1363 2832 1442 2875 553,
1468 2831 1499 2866 9.
