2078 3054
286 167 368 210 140

330 307 386 342 ep.
423 296 501 330 247.
536 295 704 330 tunicam
739 304 761 329 a
796 292 937 338 Sapida
971 291 1044 327 vir-

329 355 415 400 gine
445 355 546 389 dono
574 353 740 395 missam,
769 363 815 387 ne
845 362 928 387 eam
957 361 1044 386 con-

329 414 511 455 tristaret,
548 412 698 457 accepit
735 414 784 455 et,
820 410 973 455 quando
1011 408 1045 445 ei

330 472 536 516 rescripsit.
587 481 632 506 ea
685 481 724 505 se
775 469 918 505 vestire
970 468 1044 503 iam

329 534 509 575 coeperat
535 529 586 564 IV
610 529 689 564 632.
715 528 747 563 6.
775 538 814 563 se
840 538 886 562 ex
913 536 1044 562 eorum

329 588 383 623 ait
408 597 565 623 nurnero
591 597 676 622 esse
702 586 844 629 conari,
870 585 934 630 qui
960 594 1044 630 pro-

328 646 491 682 ficiendo
539 644 711 681 scribunt
756 647 795 680 et
842 642 1043 679 scribendo

330 704 535 749 proficiunt
557 704 608 738 III
632 703 711 747 251,
735 703 790 737 12.
814 702 939 738 ‘facile
962 700 1043 745 est‘,

329 763 461 808 inquit.
498 762 552 797 ‘ut
586 761 747 807 quisque
784 760 1043 805 Augustinum

327 821 470 856 vincat‘
509 820 562 855 1V
598 821 678 864 554,
715 820 747 855 4.
787 819 930 855 fatetur
968 828 1043 854 non

331 879 453 916 solum
495 879 533 914 in
575 878 660 913 aliis
703 876 1042 913 innumerabilibus

328 937 440 973 rebus
467 938 587 973 multa
612 947 652 973 se
678 936 809 981 latere,
835 936 901 971 sed
927 935 1043 972 etiam

328 997 365 1031 in
396 996 488 1042 ipsis
519 996 662 1031 sanctis
693 994 892 1040 scripturis
923 993 1042 1029 multo

328 1065 368 1090 se
403 1054 551 1090 nescire
586 1054 695 1099 plura
728 1063 842 1098 quam
877 1052 973 1088 scire
1008 1051 1045 1087 11

327 1113 407 1157 212,
441 1113 495 1148 10.
529 1113 576 1154 ct.
610 1112 663 1147 III
695 1112 775 1152 526,
807 1111 864 1146 20.
896 1111 977 1154 528,
1011 1110 1042 1145 1.

326 1172 406 1215 530,
433 1171 466 1206 6.
492 1171 573 1215 584,
601 1170 656 1206 12.
685 1170 736 1205 IV
765 1170 843 1214 172,
869 1169 1043 1214 20—175,

327 1230 359 1264 1.
389 1229 648 1277 312,110—19.
679 1230 716 1264 in
747 1227 888 1264 talibus
918 1227 1043 1271 rebuS,

324 1287 355 1322 si
375 1297 486 1332 quem
505 1287 684 1322 idoneum
704 1290 935 1331 reppererat,
955 1296 1043 1321 con-

328 1344 489 1389 sulebat,
521 1347 576 1390 ut,
609 1355 706 1389 quae
739 1344 802 1379 vel
835 1344 908 1389 ipsi
941 1343 1044 1388 cogi-

327 1403 444 1439 tando
481 1403 544 1439 vel
580 1402 676 1439 alios
715 1402 951 1438 consulendo
986 1402 1043 1437 -in-

327 1462 538 1505 venissent,
580 1462 678 1497 inter
721 1472 761 1497 se
803 1460 1042 1506 impertirent

326 1520 380 1555 III
400 1520 480 1565 522,
503 1520 535 1555 1.
555 1520 635 1564 534,
659 1520 717 1563 173
740 1520 787 1562 cf.
809 1520 888 1563 540,
911 1519 967 1554 20.
989 1518 1041 1554 IV

326 1579 405 1623 173,
440 1579 473 1614 8.
507 1578 563 1613 26.
598 1578 676 1622 175,
710 1578 836 1613 4—24.
872 1577 952 1622 234,
986 1577 1042 1612 23.

323 1638 406 1682 309,
462 1637 517 1672 29.
574 1647 659 1672 cum
716 1636 922 1680 Cirtenses,
977 1634 1043 1680 qui

325 1695 555 1731 Donatistae
606 1695 770 1738 fuerant,
824 1694 1044 1730 conversio-

324 1764 410 1789 nem
444 1755 551 1788 suani
581 1757 692 1799 grato
724 1753 851 1788 animo
883 1753 917 1788 ei
949 1763 1043 1787 nun-

324 1811 477 1856 tiarent,
517 1811 554 1847 id
593 1812 767 1847 meritum
809 1821 919 1846 suum
956 1820 1042 1846 esse

325 1869 606 1906 modestissime
634 1869 793 1915 negavit
821 1869 875 1904 III
902 1869 981 1913 263,
1010 1870 1042 1905 3.

325 1928 404 1972 264,
434 1928 490 1963 16.

373 1996 542 2040 Quid‘A.
569 1998 615 2033 de
643 1998 722 2033 fato
749 2001 787 2032 et
814 1997 860 2033 de
888 1997 1044 2032 fortuna

326 2058 519 2093 censuerit
551 2057 603 2092 IV
634 2058 713 2102 583,
748 2059 802 2102 17,
835 2057 926 2102 quid
960 2067 1043 2093 sen-

326 2118 418 2153 serit
464 2119 511 2154 de
557 2118 746 2154 humanae
792 2118 917 2154 laudis
963 2118 1043 2154 avi-

325 2179 447 2215 ditate
479 2178 497 2214 Ι
526 2178 584 2224 59,
618 2179 766 2223 12-61,
799 2179 854 2214 12.
887 2182 1043 2215 austera

325 2239 406 2275 eius
478 2240 670 2275 sententia
739 2240 786 2275 de
856 2240 1042 2275 naturalis

327 2300 460 2335 matris
502 2300 691 2346 dignitate
733 2300 797 2336 IV·
827 2301 907 2345 570,
951 2302 1042 2336 16—

323 2361 404 2405 571,
438 2360 470 2395 2.
503 2361 583 2405 574,
616 2361 743 2397 3—16.
776 2361 856 2406 577,
892 2361 1041 2397 12—14.

324 2421 468 2456 nullum
528 2421 709 2457 librorum
770 2423 1041 2459 canonicorum

325 2484 521 2517 auctorem
557 2482 758 2518 scribendo
794 2493 943 2519 errasse
976 2484 1042 2519 ali-

324 2542 416 2586 quid
445 2542 659 2579 firmissime
689 2543 870 2579 credebat
898 2544 934 2579 II
961 2544 1041 2589 354,

325 2603 358 2637 7.
381 2603 461 2646 376,
484 2604 538 2638 16.
562 2603 780 2639 divinorum
802 2604 1040 2650 eloquiorum

324 2663 623 2700 obscuritatibus
644 2668 796 2700 nostras
819 2665 1041 2711 intellegen-

325 2714 399 2759 tias
447 2725 520 2761 deo
569 2725 714 2771 placuit
763 2736 941 2762 exercere
989 2725 1039 2761 IV

327 2785 405 2829 284,
437 2785 474 2829 ὃς
508 2787 554 2827 cf.
590 2786 643 2820 III
675 2787 753 2830 379,
789 2787 842 2822 13.
877 2798 915 2822 re
949 2797 1041 2822 vera

328 2845 408 2879 fieri
442 2855 554 2891 posse
590 2848 710 2891 putat,
745 2849 786 2882 ut
821 2846 1043 2883 sceleratior

954 175 1095 211 Index
1123 176 1169 210 V.

1127 292 1178 328 sit
1219 292 1476 338 rebaptizator
1520 293 1637 329 totius
1681 294 1843 330 hominis

1126 362 1239 396 quam
1278 351 1396 387 solius
1433 353 1604 398 corporis
1640 352 1843 399 interemp-

1127 415 1187 447 tor
1213 412 1246 446 ΙΙ
1274 412 1350 455 116,
1379 412 1432 447 15.
1460 422 1536 448 non
1562 413 1600 448 id
1624 413 1776 458 agebat,
1801 418 1843 449 ut

1127 470 1175 504 ad
1241 471 1547 505 communionem
1613 472 1842 519 catholicam

1124 529 1325 573 quisquam
1347 533 1550 574 cogeretur
1569 530 1714 565 invitus
1734 529 1768 564 ΙΙ
1788 530 1843 574 23,

1128 588 1185 630 ]0;
1210 588 1256 629 cf.
1279 588 1335 631 30,
1361 588 1415 622 10.
1439 588 1613 633 primitus
1637 588 1736 624 enim
1760 589 1842 624 eius

1126 646 1317 681 sententia
1349 650 1430 682 erat
1462 646 1650 682 neminem
1681 647 1730 682 ad
1762 647 1843 682 uni-

1122 706 1240 739 tatem
1263 704 1404 748 Christi
1423 715 1507 740 esse
1527 705 1754 750 cogendum,
1775 706 1841 741 sed

1129 763 1226 799 hanc
1251 763 1469 808 opinionem
1491 764 1676 808 exemplis
1691 774 1714 799 a
1729 764 1840 799 colle-

1123 821 1183 866 gis
1198 821 1406 866 propositis
1421 832 1506 857 esse
1521 825 1740 867 superatam
1749 822 1841 858 dicit

1125 879 1160 914 11
1186 880 1264 916 461.
1293 880 1351 923 2l;
1381 880 1426 921 ct.
1455 880 1535 925 424,
1564 880 1618 917 19.
1645 881 1725 920 445,
1753 880 1843 916 12·-

1125 939 1205 983 446,
1240 939 1271 973 2.
1307 939 1387 983 447,
1422 939 1548 974 7-13.
1582 939 1661 983 448,
1695 939 1728 974 5.
1763 939 1842 982 461,

1125 996 1251 1032 3—20.
1302 997 1382 1041 463,
1431 997 1605 1041 22—464,
1656 997 1711 1033 19.
1762 997 1842 1041 519,

1127 1055 1180 1090 11.
1224 1055 1305 1100 598,
1349 1054 1404 1089 21.
1449 1054 1503 1089 III
1545 1055 1626 1099 640,
1670 1055 1843 1098 15—643,

1124 1113 1156 1147 7.
1215 1113 1295 1156 647,
1354 1113 1526 1156 12—648,
1587 1112 1641 1148 11.
1701 1113 1752 1147 IV
1809 1113 1842 1150 6,

1126 1171 1181 1206 10.
1227 1170 1282 1214 12,
1327 1170 1475 1205 12-26.
1520 1171 1575 1215 17,
1618 1170 1745 1215 6—-27,
1787 1171 1842 1205 27.

1125 1228 1298 1274 quisquis
1330 1229 1524 1265 existimat
1555 1229 1684 1265 omnia
1715 1229 1843 1275 potius

1126 1288 1352 1323 sustinenda
1391 1298 1517 1332 quam,
1557 1288 1619 1323 dei
1658 1288 1842 1323 auxilium

1124 1349 1168 1381 ut
1206 1356 1272 1391 per
1312 1345 1551 1382 Christianos
1591 1345 1841 1391 imperatores

1124 1404 1299 1449 ferretur,
1335 1404 1455 1441 fuisse
1493 1404 1741 1450 poscendum,
1778 1414 1842 1450 pa-

1125 1473 1207 1498 rum
1232 1463 1407 1498 adtendit
1433 1473 1510 1499 non
1533 1462 1672 1498 bonam
1697 1463 1744 1499 de
1770 1463 1841 1498 hac

1124 1522 1369 1567 neglegentia
1414 1521 1523 1557 reddi
1567 1521 1740 1567 potuisse
1784 1531 1842 1556 ra-

1124 1580 1267 1616 tionem
1292 1580 1345 1615 IV
1369 1580 1424 1625 17,
1449 1581 1480 1615 2.
1503 1590 1580 1616 non
1604 1590 1687 1616 esse
1712 1584 1842 1626 peten-

1124 1639 1213 1673 dum
1238 1638 1287 1673 ab
1310 1638 1603 1683 imperatoribus
1627 1641 1841 1682 censuerat,

1123 1702 1166 1733 ut
1198 1709 1323 1743 poena
1354 1699 1567 1734 constituta
1601 1699 1722 1744 ipsam
1755 1699 1841 1734 hae-

1122 1768 1245 1794 resem
1312 1759 1602 1795 Donatistarum
1667 1758 1842 1794 iuberent

1125 1819 1280 1855 omnino
1305 1830 1381 1855 non
1406 1830 1502 1856 esse.
1526 1820 1594 1856 sed
1619 1820 1690 1856 hoc
1714 1820 1842 1865 potius

1126 1881 1417 1926 constituerent,
1447 1885 1489 1916 ut
1518 1891 1648 1917 earum
1677 1881 1842 1917 furiosas

1125 1940 1330 1976 violentias
1359 1951 1436 1976 non
1464 1944 1686 1986 paterentur
1713 1942 1843 1977 catho-

1125 2000 1187 2035 lici
1228 2000 1280 2035 IV
1319 2001 1374 2037 24.
1415 2001 1447 2035 2.
1488 2011 1563 2046 quo
1603 2001 1717 2037 modo
1756 2001 1840 2046 lege

1124 2061 1317 2097 Theodosi
1369 2061 1407 2096 in
1458 2060 1684 2096 Donatistas
1734 2063 1841 2095 uten-

1124 2120 1213 2155 dum
1249 2130 1332 2155 esse
1367 2119 1628 2163 arbitraretur,
1664 2118 1842 2164 exposuit

1125 2180 1177 2215 IV
1218 2181 1273 2225 24,
1313 2181 1345 2216 8.
1389 2181 1578 2226 pertinere
1620 2180 1752 2215 docuit
1791 2179 1839 2215 ad

1127 2241 1327 2287 religiosos
1395 2251 1505 2286 reges
1572 2244 1697 2276 terrae
1762 2250 1838 2275 non

1124 2302 1246 2337 solum
1292 2301 1482 2337 adulteria
1526 2301 1589 2337 vel
1635 2300 1841 2336 homicidia

1125 2362 1187 2398 vel
1230 2362 1387 2397 huiusce
1430 2362 1534 2397 modi
1574 2362 1664 2397 alia·
1691 2360 1839 2407 flagitia

1123 2433 1191 2458 seu
1219 2423 1392 2458 facinora
1420 2433 1553 2458 verum
1582 2422 1696 2458 etiam
1725 2422 1838 2457 sacri-

1126 2482 1227 2527 legia
1269 2482 1476 2518 severitate
1521 2492 1691 2527 congrua
1735 2481 1837 2517 cohi-

1122 2543 1211 2579 bere
1244 2544 1295 2578 IV
1326 2544 1405 2586 319,
1438 2543 1492 2578 23.
1529 2543 1582 2586 19,
1614 2543 1646 2577 2.
1680 2542 1838 2587 impera-

1122 2607 1225 2640 tores
1271 2614 1355 2639 cum
1400 2603 1540 2639 bonum
1586 2602 1727 2647 iubent,
1772 2613 1838 2647 per

1122 2665 1206 2699 illos
1241 2675 1317 2700 non
1352 2664 1454 2700 iubet
1488 2663 1560 2699 nisi
1595 2664 1768 2699 Christus
1802 2663 1835 2697 II

1121 2725 1200 2769 603,
1238 2726 1270 2761 3.
1309 2725 1511 2760 duodecim
1549 2724 1836 2760 sententiarum.

1122 2796 1219 2830 quae
1269 2785 1460 2830 pertinent
1510 2785 1557 2821 ad
1607 2784 1834 2820 catholicam

1121 2846 1244 2890 fidem,
1320 2850 1523 2892 propterea
1595 2844 1835 2882 commendat
