2078 3054
869 136 1010 173 Index
1040 137 1083 172 V.
1677 126 1754 169 197

250 254 388 289 cillime
435 253 536 288 vinci
581 252 787 297 respondet
832 251 960 297 Augu-

250 312 373 347 stinus
407 311 440 346 11
473 311 550 355 625,
583 312 614 345 4.
647 310 746 346 idem
779 310 959 345 dixerunt

250 370 350 404 illam
411 379 495 404 esse
555 379 685 403 veram
746 367 959 410 ecclesiam,

249 438 345 472 quae
396 426 700 470 persecutionem
751 429 960 469 pateretur,

251 495 326 519 non
364 494 460 529 quae
502 484 643 518 faceret
683 482 734 516 IV
770 484 801 526 9,
837 483 872 525 6;
912 483 957 523 cs.

250 542 284 576 lI
316 542 392 585 112,
422 542 452 576 8.
483 542 559 585 11ιέ,
590 541 645 575 26.

296 610 522 645 Donatistae
562 610 791 645 recusabant
831 608 959 652 pacifi-

249 679 330 703 cam
381 667 637 703 conlationem
690 667 723 701 ΙΙ
774 667 853 710 413,
906 666 959 701 15.

249 736 377 761 corum
421 725 594 769 episcopi
635 736 718 760 cum
759 723 958 759 catholicis

253 783 410 827 pacifice
426 782 599 818 conferre
616 782 819 817 noluerunt
849 781 958 827 quasi

249 841 440 885 fugientes
479 851 562 875 cum
603 840 870 884 peccatoribus
907 839 959 874 lo-

249 899 312 943 qui
340 898 374 932 11
399 899 477 942 604,
493 899 547 933 26.
574 899 620 939 cf.
635 898 713 942 328,
730 898 783 932 23.
809 898 958 941 416,16.

249 957 402 1001 quando
447 956 625 991 catholici
670 956 724 990 eis
766 956 957 991 dicebant.

248 1019 289 1049 ut
314 1025 467 1049 causam
497 1014 664 1057 ipsorum
693 1019 729 1048 et
757 1024 864 1048 suam
893 1023 958 1057 pa-

247 1072 386 1107 tienter
425 1072 615 1115 audirent,
655 1081 730 1106 non
770 1074 956 1106 noverant

249 1129 321 1164 nisi
347 1129 542 1173 superbire
568 1133 608 1164 et
630 1129 797 1164 insanire
823 1128 856 1162 II
879 1128 957 1171 596,
978 1169 979 1174 ¹

250 1188 301 1222 10.
330 1187 529 1222 catholicis
559 1186 660 1222 facto
689 1186 851 1221 concilio
879 1176 979 1231 pla-³
1044 1176 1122 1220 598,
1156 1177 1209 1211 10·
1239 1176 1290 1211 IV
1321 1177 1374 1221 16,
1408 1177 1460 1212 16·
1493 1178 1594 1223 qu0d
1628 1178 1756 1213 ΟΜΝ)-

248 1246 335 1282 cuit,
363 1251 402 1279 ut
431 1245 656 1279 Donatistae
686 1245 843 1288 pacifice
871 1245 979 1279 ροη-1

977 1292 979 1308 ¹
1044 1293 1136 1326 bant
1184 1297 1233 1335 et,
1281 1293 1383 1337 quod
1432 1292 1503 1328 sibi
1551 1292 1756 1336 facictant,

247 1303 482 1346 venirentur,
516 1313 603 1348 quo,
637 1303 667 1337 si
701 1302 781 1338 fieri
815 1308 958 1346 posset.

248 1360 430 1395 haberent
454 1360 552 1395 inter
575 1360 678 1404 ipsos
700 1360 957 1395 conlationem

248 1422 283 1453 et
317 1428 444 1452 errore
478 1417 627 1453 sublato
661 1418 832 1453 fraterna
866 1418 959 1452 cari-

249 1480 307 1510 tas
341 1476 609 1511 restitueretur
645 1475 678 1509 II
714 1476 792 1520 413,
828 1476 862 1510 8:
912 1468 979 1520 ch}

248 1533 326 1569 416.
365 1533 418 1567 13.
465 1533 535 1568 hoc
570 1534 670 1568 enim
708 1533 776 1568 fuit
811 1533 959 1568 deside-

249 1590 344 1625 rium
376 1590 663 1628 catholicorum.
695 1595 734 1625 ut
766 1601 850 1625 cum
882 1591 959 1634 epi-

249 1648 376 1691 scopis
416 1649 494 1683 suis
532 1648 760 1684 Donatistae
800 1648 979 1706 pacificei

250 1706 467 1741 conferrent
508 1705 542 1740 II
581 1706 659 1750 416,
700 1706 756 1741 11:
797 1707 842 1748 cs.
880 1706 979 1750 41&

249 1763 302 1797 25.
351 1764 487 1809 quibus
533 1764 824 1799 condicionibus
871 1763 959 1798 Mel-

249 1821 403 1856 chiades
427 1821 705 1856 dissensionem
729 1832 979 1868 componere¹

249 1883 409 1913 conatus
447 1879 495 1913 sit
536 1879 570 1912 II
609 1879 661 1922 98,
699 1880 730 1913 4.
781 1880 827 1914 ad
866 1869 979 1914 non-5

251 1936 371 1970 ,nullos
418 1935 707 1971 l'›oriatistaruin
755 1937 958 1980 primarios

249 1995 290 2028 A.
327 1994 513 2028 scribeba*
551 2004 625 2028 non
662 1994 959 2028 communicato-

249 2051 324 2085 rias
358 2051 507 2086 litteras
542 2052 608 2086 sed
644 2052 739 2087 tales
772 2052 978 2096 privatas,=

248 2108 423 2152 qualibus
457 2109 510 2143 uti
548 2109 663 2144 etiam
699 2109 747 2144 ad
785 2119 957 2153 paganos

248 2165 334 2201 licet
365 2165 399 2200 ΙΙ
429 2166 483 2210 85,
514 2167 566 2201 19.
595 2167 801 2210 episcopus
833 2166 958 2201 Dona-

248 2223 338 2258 tista
363 2223 406 2258 A.
430 2224 636 2268 episcopus
661 2235 736 2259 non
759 2229 839 2259 crat
864 2224 879 2258 I
902 2225 956 2267 64,

247 2281 278 2315 2.
312 2291 395 2315 cum
434 2281 662 2316 Proculiano
698 2292 812 2326 agere
849 2292 957 2326 para-

248 2338 435 2373 tissimum
482 2350 520 2374 se
565 2349 647 2374 esse
693 2339 757 2383 ait,
800 2349 978 2388 prorsus,

247 2395 347 2430 sicut
378 2396 439 2431 ille
471 2396 669 2441 voluisset,
699 2397 797 2432 sicut
829 2389 978 2432 iussis-¹

247 2457 316 2489 set.
341 2453 439 2488 sicut
465 2454 498 2488 ei
524 2454 731 2497 placuisset
757 2454 791 2488 11
818 2455 872 2493 21,
899 2455 955 2495 123

247 2510 293 2550 (Ἰ.
322 2509 356 2544 ΙΙ
385 2511 439 2555 26,
467 2512 498 2546 4.
526 2515 727 2554 praeterea
752 2511 800 2546 ad
827 2512 956 2556 dispu-

247 2567 431 2603 tationem
481 2569 660 2604 evocavit
708 2569 955 2604 Maximinum

247 2634 306 2668 ep.
344 2626 399 2669 23,
448 2626 672 2661 Fortunium
711 2626 745 2660 II
786 2627 861 2670 109,
903 2627 956 2671 16,

247 2681 484 2718 Honoratum
535 2693 594 2728 ep.
633 2684 687 2726 49,
737 2683 976 2728 Crispinum=

247 2749 306 2782 ep.
354 2740 396 2775 51
447 2745 486 2776 et
533 2741 588 2785 66,
648 2741 872 2777 Severinum
921 2741 956 2776 11

250 2796 325 2841 151,
356 2797 408 2832 18.

1090 250 1316 288 Donatistae
1370 253 1583 290 catholicae
1635 255 1753 291 eccle-

1044 309 1122 345 siae
1159 310 1357 346 audaciter
1393 311 1567 347 insidiari
1602 313 1755 348 minari-

1045 378 1116 412 que
1161 378 1236 403 non
1281 370 1484 405 cessabant
1528 369 1562 404 II
1603 370 1681 415 419,
1723 371 1754 406 8.

1045 435 1119 459 non
1142 426 1387 471 quaerebant,
1410 427 1483 462 nisi
1504 428 1604 463 unde
1627 429 1754 463 catho-

1044 482 1127 517 licis
1155 484 1480 519 calumniarentur
1508 489 1545 520 et
1573 485 1755 521 retribue-

1044 545 1128 576 rent
1162 541 1264 576 mala
1297 552 1366 586 pro
1401 542 1511 577 bonis
1547 542 1599 577 IV
1633 543 1689 588 29,
1722 545 1754 578 4.

1044 603 1194 634 atroces
1232 599 1375 634 inimici
1410 609 1542 644 pacem
1578 605 1616 636 et
1652 601 1755 647 quie-

1044 660 1118 691 tem
1164 656 1349 693 ecclesiae
1391 658 1511 692 variis
1555 658 1755 694 violentia-

1045 725 1125 749 rum
1179 719 1217 750 et
1272 715 1496 751 insidiarum
1551 716 1755 761 generibus

1043 772 1215 816 graviter
1249 772 1485 808 infestabant
1518 773 1552 807 II
1584 774 1663 818 446,
1696 774 1754 808 21;

1046 822 1110 870 αἶ’
1136 830 1189 874 14,
1232 830 1263 865 2.
1305 830 1533 876 ubicumque
1576 832 1755 866 catholici

1044 887 1224 922 volebant
1270 888 1495 931 praedicare
1539 889 1754 926 veritatem.

1044 949 1083 979 ut
1111 956 1192 980 eam
1222 946 1382 991 quisque
1409 957 1566 982 securus
1592 947 1754 989 audiret,

1045 1008 1084 1038 ut
1138 1003 1271 1038 volens
1325 1004 1496 1048 eligeret,
1549 1015 1754 1049 numquam

1045 1060 1299 1104 permiserunt
1349 1072 1416 1105 per
1464 1061 1670 1097 violentias
1718 1066 1755 1097 et

1046 1123 1211 1154 terrores
1238 1118 1272 1153 11
1300 1119 1378 1163 596,
1404 1120 1461 1155 27:
1489 1120 1535 1161 cf.
1561 1120 1640 1164 597,
1665 1120 1756 1155 25—

1044 1234 1127 1269 licis
1160 1234 1364 1278 faciebant,
1395 1235 1467 1270 sibi
1498 1246 1574 1270 non
1606 1235 1756 1279 inputa-

1045 1350 1244 1384 catholicis
1282 1350 1509 1394 imputabant
1545 1350 1580 1384 ΙΙ
1613 1351 1691 1394 415,
1725 1351 1755 1385 5.

1045 1407 1097 1440 IV
1130 1407 1185 1451 29,
1222 1408 1274 1442 10.
1307 1407 1524 1443 obiciebant
1559 1408 1626 1445 eis,
1658 1419 1754 1452 quae

1046 1465 1143 1500 inter
1172 1465 1277 1508 ipsos
1306 1465 1500 1501 faciebant
1528 1466 1588 1500 vel
1620 1466 1756 1501 tolera-

1045 1523 1136 1557 bant
1166 1522 1200 1556 ΙΙ
1233 1523 1308 1567 107,
1340 1523 1368 1557 1.
1401 1523 1477 1567 145,
1510 1524 1562 1558 13.
1594 1524 1671 1567 146,
1703 1524 1755 1558 18.

1046 1580 1121 1625 147,
1155 1581 1186 1615 6.
1221 1581 1296 1624 151,
1331 1582 1362 1615 7.
1394 1581 1470 1619 156,
1502 1581 1557 1616 20.
1587 1581 1668 1623 328,
1702 1582 1755 1616 11.

1044 1638 1122 1681 411,
1153 1639 1184 1673 8.
1214 1638 1293 1678 625,
1322 1639 1353 1673 2.
1382 1639 1594 1674 mendaciis
1623 1639 1755 1674 fallere

1046 1705 1121 1731 non
1163 1696 1391 1732 dubitabant
1432 1696 1468 1731 II
1508 1697 1586 1742 599,
1629 1697 1659 1731 2.
1701 1696 1755 1731 III

1045 1753 1123 1797 235,
1154 1754 1206 1788 14.
1234 1754 1312 1798 238,
1344 1754 1396 1789 18.
1425 1754 1504 1798 241,
1533 1754 1587 1789 21.
1614 1754 1693 1798 242,
1722 1756 1754 1789 3.

1044 1811 1123 1855 245,
1150 1811 1182 1846 9.
1210 1811 1261 1846 IV
1286 1812 1318 1856 5,
1346 1812 1398 1847 19.
1426 1812 1481 1847 23.
1508 1813 1754 1848 concitabant

1044 1868 1244 1904 catholicis
1275 1869 1460 1905 invidiam
1490 1874 1528 1905 et
1558 1870 1595 1904 in
1625 1870 1754 1905 odium

1045 1936 1109 1961 eos
1150 1927 1403 1967 adducebant,
1443 1928 1544 1972 quod
1587 1932 1755 1963 terrena-

1043 1994 1125 2019 rum
1173 1988 1407 2027 potestatum
1458 1985 1643 2020 auxilium
1693 1996 1755 2020 ex-

1045 2046 1220 2084 peterent
1273 2047 1310 2077 et
1361 2042 1546 2078 ecclesiae
1599 2053 1753 2078 causam

1043 2100 1146 2143 apud
1196 2100 1448 2143 imperatores
1496 2105 1666 2145 agerent,
1717 2100 1754 2135 id

1043 2157 1145 2202 quod
1192 2158 1297 2201 ipsos
1347 2158 1494 2201 priores
1543 2158 1752 2194 identidem

1044 2214 1180 2250 fecisse
1221 2216 1263 2250 Α.
1302 2215 1542 2251 demonstrat
1581 2215 1636 2250 III
1674 2216 1753 2253 241.

1044 2272 1098 2306 20.
1127 2272 1161 2306 II
1186 2273 1264 2315 456,
1292 2273 1461 2317 13—458,
1486 2273 1520 2315 93
1549 2275 1594 2315 cs.
1618 2274 1696 2317 411,
1722 2274 1752 2308 8.

1043 2330 1121 2367 600.
1151 2331 1205 2365 21.
1239 2330 1292 2364 ΙΙΙ
1321 2331 1461 2374 36,·17.
1493 2330 1545 2364 IV
1574 2331 1607 2374 5,
1637 2331 1668 2365 9.
1700 2331 1752 2366 13.

1042 2389 1252 2424 catholicos
1299 2389 1384 2424 ideo
1431 2390 1502 2425 sibi
1548 2389 1752 2433 displicere

1042 2448 1233 2491 dicebant,
1261 2449 1350 2493 quia
1380 2459 1447 2492 per
1478 2449 1751 2492 imperatorum

1042 2505 1231 2541 iussiones
1265 2507 1313 2541 ad
1347 2507 1534 2542 unitatem
1569 2517 1608 2542 se
1642 2517 1753 2551 coge-

1042 2567 1127 2598 rent
1171 2563 1205 2597 11
1246 2564 1325 2607 596,
1368 2564 1421 2599 26.
1464 2563 1625 2600 liberum
1667 2574 1751 2600 esse

1041 2622 1258 2658 clamabant
1288 2623 1443 2659 credere
1473 2623 1535 2659 vel
1567 2634 1642 2659 non
1673 2633 1752 2659 cre-

1041 2681 1146 2724 dere,
1171 2682 1360 2718 neminem
1385 2683 1433 2718 ad
1458 2683 1643 2718 unitatem
1666 2693 1749 2718 esse

1041 2741 1255 2786 cogendum
1287 2741 1339 2775 IV
1369 2742 1423 2786 21,
1454 2742 1486 2777 8.
1516 2741 1552 2775 II
1581 2742 1660 2786 458,
1690 2742 1749 2783 233

1042 2800 1088 2841 ct.
1125 2800 1204 2844 449,
1243 2800 1296 2835 16.
1334 2800 1378 2835 24
1414 2810 1483 2836 nec
1522 2801 1571 2836 ad
1608 2801 1748 2837 bonum
