2078 3054
302 155 388 198 400

349 292 461 327 quam
482 282 581 329 (edd.
602 285 757 327 propter
776 281 905 327 quam)
925 281 1063 316 docen-
1098 285 1336 327 praestruere
1370 298 1411 312 z
1444 292 1671 328 praeparare
1689 295 1697 318 ε

349 341 436 375 dam
476 343 635 375 venerat
674 340 826 384 11207,
867 340 921 374 17.
960 343 1062 375 certe

349 398 557 433 secundum
601 398 699 433 hanc
742 397 1063 442 pulchritudinem

349 455 470 500 magis
499 466 611 500 qua-m
639 465 777 500 corpus
805 457 842 499 (i.
869 466 900 491 e.
930 465 1062 491 secun-

349 514 437 548 dum
489 514 642 559 corpus)
694 523 823 548 sumus
874 513 922 549 ad
973 513 1062 548 ima-

348 572 474 617 ginem
500 572 561 607 dei
587 571 621 606 II
647 571 726 616 721,
751 571 805 607 26.

302 635 555 680 praeputium:
587 634 659 670 *ad
687 635 792 671 viros
821 634 1061 680 praeputium

348 692 555 728 habentes?
587 692 621 727 II
651 692 730 738 292,
760 692 793 728 2.
823 692 1061 728 circumcisio

349 751 542 795 praeputii
574 750 608 785 II
639 751 719 796 362,
749 752 782 786 3.
813 751 892 795 364,
923 751 978 786 21.
1010 750 1061 785 IV

347 808 426 853 217,
461 809 516 844 12.
552 809 793 854 praeputium
825 809 994 854 recipere
1028 808 1062 843 II

346 867 427 911 314,
461 867 482 902 8
517 867 667 911 (Hier.).
703 867 783 912 378,
818 867 861 902 14
895 867 943 902 αἰ.
978 868 1060 902 sim.

346 945 393 949 —
433 925 581 961 transh:
621 924 750 969 *‘vos‘,
788 924 923 970 inquit,
965 924 1061 960 ‘cum

348 982 484 1017 essetis
505 982 646 1017 mortui
666 982 704 1017 in
724 982 874 1018 delictis
896 986 936 1018 et
954 992 1061 1027 prae-

347 1040 454 1085 putio
480 1040 606 1075 carnis
631 1041 796 1076 vestrae‘
822 1040 874 1075 III
899 1041 979 1085 372,
1007 1040 1060 1075 12.

300 1113 528 1149 praerogare
579 1105 635 1148 (Σ
652 1103 863 1149 praestare)
911 1103 1061 1139 civitati

347 1161 476 1197 officia
502 1161 537 1196 II
563 1161 643 1207 427,
669 1162 725 1197 21.
753 1161 890 1207 quibus
918 1161 1061 1197 miseri-

346 1219 516 1255 cordiam
558 1220 805 1266 praerogavit
837 1219 970 1265 (deus)
1010 1218 1061 1255 IV

346 1277 426 1323 420,
456 1278 510 1314 13.

301 1341 556 1386 praescientia
576 1341 637 1378 dei
657 1341 710 1376 III
729 1342 809 1387 366,
830 1341 884 1376 16.
905 1341 960 1377 23.
981 1340 1060 1385 367,

351 1400 403 1435 14.
432 1399 483 1433 IV
512 1400 567 1444 65,
596 1400 617 1435 3
646 1400 705 1442 al„
734 1399 870 1435 divina
898 1399 949 1433 IV
977 1399 1056 1442 471,

348 1460 365 1494 1
401 1459 512 1504 (Hic.)
546 1460 628 1494 sim.

299 1523 504 1568 praescire:
552 1523 671 1568 *quos
718 1526 807 1558 ante
853 1520 1062 1567 praescivit

346 1582 562 1617 conformes
590 1581 672 1616 fieri
700 1580 877 1627 imaginis
907 1579 973 1615 filii
1003 1579 1061 1615 sui

345 1639 397 1674 IV
419 1639 475 1684 65,
499 1640 532 1674 7.

300 1703 579 1748 praeseminare
608 1702 844 1749 quaestionis
873 1701 1018 1737 lumina
1045 1701 1061 1736 I

346 1761 402 1805 20,
444 1761 499 1796 21.
542 1761 685 1797 Paulus
726 1760 839 1796 fidem
880 1759 1059 1806 gentibus

345 1818 652 1864 praeseminabat
679 1819 713 1854 II
740 1819 821 1864 684,
849 1819 907 1863 143
934 1819 981 1861 cf.
1009 1817 1060 1853 IV

344 1876 424 1921 565,
453 1877 508 1912 12.

299 1944 544 1986 praesentare
571 1950 611 1976 se
637 1939 778 1976 iudicio
804 1940 840 1974 ΙΙ
864 1940 920 1984 94,
945 1940 979 1974 5.
1004 1939 1060 1983 95,

345 1998 399 2034 26.
435 1998 526 2043 quid
560 1998 750 2043 volumus,
783 1997 856 2033 nisi
889 2001 926 2033 te
961 2008 1061 2033 com-

345 2056 528 2101 prehendi
550 2059 588 2091 et
608 2055 845 2101 praesentari
866 2055 1013 2100 111640,
1026 2056 1059 2091 9.

298 2119 558 2164 praesentatio
590 2119 643 2154 III
670 2120 754 2163 343,
785 2119 840 2154 10.

297 2182 537 2228 praesentius
553 2183 753 2218 :verium
780 2186 924 2228 quanto
950 2180 1060 2217 vobis

349 2241 548 2286 inpensius
603 2241 785 2276 oboedire
839 2240 1059 2284 cupiebant,

344 2302 453 2335 tanto
483 2309 554 2335 vos
584 2298 694 2335 nobis
726 2298 966 2343 praesentius
999 2307 1060 2333 ex-

345 2356 526 2393 hibebant
550 2356 586 2392 II
608 2357 642 2401 3,
666 2357 699 2392 3.

298 2424 494 2466 praestare
526 2430 612 2455 cum
643 2420 726 2461 iuss
757 2419 826 2454 tibi
858 2419 1061 2464 plurimum

346 2488 458 2523 posse
485 2477 677 2523 praestitit
702 2477 878 2513 dominus
904 2477 956 2511 IV
980 2476 1060 2520 340,

346 2536 405 2579 153
429 2535 476 2577 ct.
501 2535 535 2570 II
560 2535 638 2580 435,
663 2536 716 2570 14.
738 2555 786 2560 ——
809 2544 895 2570 cum
918 2545 996 2570 acc.
1022 2537 1061 2570 et

345 2593 430 2635 ἐπίῃ·
471 2593 595 2638 (deus)
636 2588 822 2638 praestet
846 2602 917 2636 me,
958 2591 1060 2637 quod

346 2650 502 2695 credidi,
547 2650 601 2686 sie
645 2649 762 2695 loqui,
806 2653 848 2684 ut
892 2652 963 2685 etc.
1008 2648 1061 2683 IV

346 2708 427 2753 540,
447 2708 490 2743 5:

961 166 1104 203 Index
1131 167 1195 203 VI.

1764 284 1858 320 haec

1145 340 1383 385 praelocutio
1406 351 1491 376 mea
1513 346 1549 377 te
1572 343 1779 386 praestruit
1803 343 1856 377 III

1144 399 1223 443 279,
1251 399 1308 442 143
1336 399 1383 441 cf.
1411 399 1491 443 276,
1520 399 1574 434 12.

1097 485 1356 519 praesumere:
1389 475 1420 510 si
1450 473 1541 519 quid
1570 473 1704 518 habeo,
1734 483 1758 508 a
1785 472 1857 508 deo

1144 533 1299 578 sumpsi,
1340 542 1417 568 non
1458 543 1481 567 a
1520 541 1579 567 me
1621 530 1857 576 praesumpsi

1145 592 1201 636 (z
1217 594 1307 626 ante
1339 589 1498 636 sumpsi)
1530 589 1583 625 III
1615 589 1694 634 435,
1726 589 1781 624 18.
1815 609 1857 613 —-

1146 648 1273 683 :sibi
1323 658 1485 683 sumere:
1535 647 1566 682 si
1614 658 1682 692 pro
1731 655 1857 682 errore

1143 706 1315 742 homines
1346 709 1384 741 et
1414 705 1583 741 falsitate
1614 708 1723 740 tanta
1753 713 1859 750 pra-e-

1143 767 1299 799 sumunt
1341 763 1377 798 II
1422 764 1500 808 419,
1544 763 1577 798 6.
1622 772 1859 807 —zspem,

1142 822 1320 858 fiduciam
1378 821 1606 866 concipere:
1665 824 1859 865 tamquam

1143 890 1390 925 praesumens
1419 879 1466 915 de
1494 878 1640 914 viribus
1667 878 1775 914 liberi
1801 888 1859 913 ar-

1143 937 1244 973 bitrii
1274 937 1327 972 IV
1347 937 1434 982 -196,
1466 937 1523 981 18;
1554 937 1601 979 cf.
1631 936 1666 971 II
1693 936 1773 980 372,
1804 936 1858 970 15.

1143 995 1196 1030 III
1227 996 1306 1040 453,
1340 995 1395 1030 16.
1429 996 1483 1030 18.
1515 995 1595 1038 457,
1628 995 1659 1029 1.
1691 994 1771 1038 464,
1804 994 1858 1028 15.

1142 1054 1222 1098 477,
1253 1053 1308 1088 24.
1338 1053 1391 1087 IV
1419 1052 1500 1097 390,
1530 1053 1563 1087 7.
1595 1061 1672 1087 non
1702 1055 1780 1087 tam
1811 1051 1858 1086 de

1142 1110 1225 1146 istis
1273 1110 1513 1146 documentis
1560 1118 1859 1155 praesumamus,

1143 1179 1255 1214 quam
1301 1169 1347 1204 de
1394 1168 1593 1213 scripturis
1637 1167 1780 1203 sanctis
1825 1166 1859 1200 II

1145 1227 1222 1272 156,
1250 1227 1306 1271 11;
1334 1227 1380 1268 cf.
1407 1227 1486 1271 236,
1501 1226 1545 1261 20
1571 1227 1734 1261 aL-z
1752 1235 1857 1269 spem

1142 1294 1298 1329 ponere:
1340 1284 1517 1320 dominus
1557 1283 1739 1327 ostendit,
1779 1282 1859 1327 qui-

1143 1342 1213 1377 bus
1249 1341 1384 1386 modis,
1418 1342 1457 1376 in
1491 1352 1531 1378 se
1565 1345 1609 1377 ut
1641 1350 1858 1386 praesuma-

1143 1410 1239 1445 mus,
1275 1401 1448 1436 hortetur
1485 1399 1501 1434 I
1538 1400 1616 1444 119,
1654 1400 1709 1434 17.
1745 1409 1857 1444 quam

1142 1457 1283 1493 multos
1325 1468 1403 1494 non
1441 1457 1598 1502 veritas,
1638 1467 1715 1502 qua
1754 1466 1859 1491 num-

1142 1527 1255 1561 quam
1283 1516 1611 1561 praesumpsistis,
1639 1515 1860 1560 conligabat

1143 1574 1178 1608 ΙΙ
1210 1574 1289 1618 462,
1324 1574 1379 1609 11.
1411 1595 1458 1599 -
1490 1583 1576 1609 cum
1609 1574 1675 1615 inf.
1708 1577 1748 1608 et
1779 1583 1857 1608 acc.

1143 1641 1229 1670 cum
1250 1632 1316 1674 inf.
1334 1647 1374 1660 z
1391 1641 1497 1676 spem
1518 1630 1750 1676 praecipere,
1770 1640 1858 1666 con-

1142 1689 1273 1725 fidere:
1312 1693 1453 1725 temere
1491 1689 1578 1724 hinc
1616 1688 1759 1734 aliquid
1795 1688 1858 1724 de-

1142 1747 1250 1783 finire
1289 1748 1455 1782 humana
1492 1747 1716 1783 coniectura
1752 1755 1858 1791 prac-

1144 1806 1259 1840 sumit
1284 1805 1336 1840 IV
1363 1806 1439 1850 151,
1466 1806 1523 1850 153
1549 1805 1595 1846 cf.
1620 1804 1674 1839 III
1700 1805 1778 1849 182,
1802 1804 1857 1838 25.

1143 1863 1195 1898 IV
1238 1863 1317 1907 252,
1360 1863 1393 1898 5.
1439 1862 1616 1907 (animus)
1660 1873 1700 1898 se
1745 1862 1858 1898 deum

1142 1921 1314 1956 visurum
1349 1931 1433 1957 esse
1469 1920 1679 1966 praesumit
1711 1919 1746 1954 II
1779 1920 1857 1963 443,

1144 1979 1198 2014 16.
1220 1982 1321 2024 sunt,
1341 1978 1406 2024 qui
1425 1978 1539 2014 deum
1559 1978 1682 2023 ipsum
1702 1977 1856 2012 omnino

1143 2046 1281 2081 corpus
1310 2046 1394 2073 esse
1422 2039 1672 2082 praesumunt
1698 2035 1752 2070 III
1777 2035 1857 2078 324,

1143 2094 1197 2129 15.
1222 2104 1345 2140 neque
1370 2094 1589 2140 negandum
1615 2093 1766 2138 quidem
1791 2092 1857 2128 sed

1141 2162 1266 2197 neque
1323 2151 1642 2197 praesumendum
1702 2154 1761 2186 est
1819 2150 1856 2186 id

1142 2209 1312 2246 futurum
1344 2209 1398 2244 IV
1430 2209 1509 2255 261,
1542 2209 1601 2254 203
1635 2209 1681 2250 cf.
1714 2208 1793 2253 248,
1825 2208 1856 2243 5.

1142 2267 1222 2312 257,
1247 2267 1281 2304 8.

1095 2348 1355 2393 praesumptio
1372 2362 1412 2375 Ξ
1428 2347 1558 2392 opinio
1613 2349 1857 2392 praesumpta

1142 2406 1177 2440 II
1207 2406 1264 2450 47,
1296 2405 1351 2440 20.
1383 2405 1463 2450 209,
1493 2405 1549 2440 20.
1581 2404 1659 2449 210,
1691 2405 1746 2439 14.
1777 2404 1856 2448 444,

1142 2463 1198 2499 20.
1219 2463 1271 2498 IV
1292 2463 1349 2507 75,
1371 2463 1425 2498 14.
1446 2462 1502 2507 76,
1523 2462 1581 2506 18;
1602 2463 1649 2505 cf.
1670 2461 1704 2496 II
1723 2462 1780 2506 39,
1800 2461 1855 2497 23.

1141 2521 1198 2566 85,
1227 2521 1282 2556 10.
1311 2520 1364 2555 III
1391 2520 1471 2565 666,
1497 2520 1531 2556 3.
1558 2534 1660 2548 --=
1677 2529 1856 2565 arrogan-

1142 2578 1209 2613 tia:
1234 2578 1418 2614 verticem
1444 2577 1764 2622 praesumptionis
1788 2576 1857 2612 eri-

1142 2646 1232 2681 gere
1267 2635 1319 2670 IV
1355 2635 1434 2680 192,
1470 2636 1505 2679 1;
1539 2635 1585 2677 cf.
1620 2634 1655 2669 II
1688 2635 1767 2679 457,
1800 2633 1856 2669 13.

1142 2693 1196 2728 III
1223 2693 1303 2738 718,
1333 2692 1376 2728 14
1405 2692 1583 2738 (Inuca).
1612 2691 1665 2727 IV
1692 2692 1772 2736 428,
1802 2691 1856 2726 11.

299 2776 869 2822 praestructiozpraeparatio
900 2775 952 2810 III
982 2773 1377 2820 280,cpraesumptius
1420 2782 1488 2818 pro
1531 2782 1572 2808 se
1615 2770 1856 2817 interpretari

348 2835 406 2878 18;
436 2845 471 2870 υ.
500 2837 751 2880 praestruere.

1075 2809 1078 2887 Ι
1144 2832 1178 2866 11
1200 2832 1279 2876 471,
1300 2832 1332 2866 4.
