2078 3054
298 137 382 178 272

342 272 427 297 cum
458 272 543 297 eum
575 261 717 306 pellere
749 271 827 296 non
856 261 1055 305 auderent,

341 324 489 362 partem
527 318 670 353 Donati
706 329 782 353 non
818 318 1057 363 reliquerunt

341 376 375 409 11
411 377 490 421 404,
526 376 582 411 23.
617 376 882 411 tolerabantur
917 376 965 411 ab
999 376 1055 411 eis

340 435 410 469 sub
453 433 742 470 incredibilibus
786 433 898 469 malis
941 434 1055 469 unius

341 490 474 536 Optati
528 502 596 536 per
648 496 706 527 tot
757 502 881 527 annos
934 492 1055 527 totius

340 549 495 586 Africae
531 549 697 597 gemitus
736 549 771 583 11
809 550 885 594 106,
923 550 954 585 8.
991 560 1055 586 ve-

340 617 435 642 sana
468 607 644 652 potentia
679 607 804 643 furere
836 604 1055 643 'iactabatur

339 664 518 711 Optatus,
581 675 666 701 cum
717 665 800 701 eius
851 670 1055 701 accusator

338 728 441 759 esset
498 723 618 759 totius
676 723 831 759 Africae
888 723 1055 769 gemitus

339 781 715 827 congemiscentibus
758 781 995 817 Donatistis·
1021 782 1054 816 11

338 839 418 885 400,
451 839 506 875 16.
538 839 769 875 Donatistae
802 839 852 875 ad
883 840 1055 876 testimo·

339 897 444 933 nium
476 897 594 933 totius
621 897 787 943 Africae,
818 898 933 933 immo
961 908 1054 934 vero

339 959 528 991 terrarum
554 956 724 991 omnium
751 966 828 991 non
854 956 939 991 ausi
965 959 1055 991 sunt

338 1024 519 1059 umquam
548 1013 596 1049 de
624 1012 767 1058 Optato
795 1013 978 1059 iudicare,
1007 1023 1053 1048 ne

338 1076 483 1108 temere
514 1072 562 1108 de
597 1071 806 1117 incognitis
838 1071 1056 1107 iudicarent

340 1129 375 1164 II
399 1130 478 1175 401,
505 1130 537 1165 9.
563 1129 596 1165 si
620 1129 737 1165 alium
761 1129 929 1175 aliquem
954 1129 1055 1165 forte

339 1187 505 1233 deceret,
527 1188 738 1224 Emeritum
762 1192 865 1224 certe
890 1198 967 1223 non
990 1188 1054 1224 de-

338 1255 424 1282 cere
458 1246 513 1281 ait
548 1246 592 1281 A.
626 1246 835 1282 defendere
870 1245 1053 1290 Optatum

338 1303 375 1338 11
405 1304 487 1351 401,
517 1305 549 1340 4.
582 1302 727 1348 oman,
761 1303 863 1339 iuius
895 1293 1055 1339 Donati-

338 1366 483 1398 starum
516 1361 671 1407 tribuni,
705 1366 841 1398 sancta
870 1361 1055 1398 memoria

339 1420 637 1464 praedicabatur
669 1419 705 1454 II
740 1420 817 1465 147,
847 1420 880 1455 4.

291 1476 546 1523 Optatus,
581 1488 629 1514 ex
666 1478 775 1513 cuius
811 1477 945 1514 codice
980 1477 1054 1512 Do-

338 1536 506 1572 natistae
532 1536 696 1581 probare
718 1536 902 1572 volebant
924 1535 1054 1572 Caeci-

338 1593 483 1630 lianum
508 1595 557 1630 ab
582 1594 816 1639 imperatore
840 1604 924 1630 esse
950 1594 1055 1630 dam-

339 1656 472 1688 natum
498 1651 554 1687 III
582 1652 663 1697 242,
689 1652 746 1687 24.

291 1705 528 1754 Optatus
566 1709 775 1754 episcopus
813 1710 851 1745 in
890 1709 1053 1745 concilio

339 1768 512 1804 Zertensi
541 1768 667 1803 adfuit
696 1767 752 1802 III
782 1768 860 1813 235,
888 1768 920 1803 2.
953 1767 1053 1803 idem

338 1836 423 1862 esse
487 1830 647 1870 putatur
708 1825 916 1870 episcopus
978 1825 1053 1870 ille,

338 1894 450 1928 quem
487 1884 533 1919 A.
569 1884 810 1919 Breviarium
847 1893 957 1918 suum
993 1884 1057 1918 ha-

333 1942 426 1977 bere
459 1941 626 1977 credidit
657 1945 735 1986 aut,
769 1943 802 1978 si
832 1951 909 1977 non
941 1941 1054 1977 habe-

338 2002 407 2045 ret,
464 2008 580 2043 posse
637 1998 819 2035 facillime
877 1999 1055 2043 accipere

340 2057 386 2092 de
427 2056 593 2093 ecclesia
633 2056 818 2102 Sitifensi,
860 2060 901 2092 ut
941 2056 1055 2092 Boni-

340 2114 435 2150 fatio
461 2114 538 2160 legi
563 2119 696 2159 posset
722 2114 772 2148 IV
798 2114 830 2160 6,
856 2114 888 2150 2.

292 2173 321 2206 0
336 2183 360 2218 p
376 2178 391 2209 t
405 2185 429 2209 a
442 2178 458 2209 t
471 2185 495 2209 u
511 2185 528 2210 s
594 2175 814 2221 episcopus,
877 2174 1054 2210 novellus

338 2232 522 2278 rudisque
553 2232 689 2268 doctor
721 2232 775 2268 IV
803 2233 883 2278 306,
914 2233 968 2269 13.
1000 2232 1053 2268 18.

338 2290 418 2335 311,
445 2290 478 2326 5.
506 2290 545 2325 in
573 2290 800 2336 quaestione
828 2291 876 2327 de
903 2291 1053 2336 origine

339 2348 491 2384 animae
521 2353 734 2392 occupatus
761 2348 911 2384 litteras
939 2353 977 2384 et
1005 2348 1054 2384 ad

339 2405 530 2441 Renatum
558 2410 596 2442 et
621 2406 670 2441 ad
697 2406 898 2451 Muresem,
924 2416 1055 2442 neces-

340 2464 482 2499 sarium
519 2474 641 2508 suum,
675 2463 791 2508 misit,
826 2464 891 2509 qui
926 2463 970 2499 A.
1006 2463 1054 2499 de

339 2521 411 2556 hac
446 2532 485 2557 re
521 2521 800 2557 consuluerunt
833 2521 886 2557 IV
922 2522 998 2567 137,
1034 2521 1057 2557 8

338 2579 466 2623 —138,
498 2580 549 2614 16.
582 2579 636 2623 A„
664 2590 895 2625 quamquam
926 2579 1054 2615 nullae

339 2637 388 2672 ad
428 2637 552 2680 ipsum
590 2637 743 2673 litterae
781 2641 891 2674 erant
927 2637 1055 2682 datae,

340 2699 469 2731 tamen
531 2705 590 2739 ep.
632 2694 697 2730 190
759 2695 808 2730 ad
870 2694 1055 2739 Optatum

341 2753 443 2788 misit
471 2753 524 2787 IV
552 2753 630 2797 161,
658 2753 711 2788 19.
737 2753 798 2788 cui
825 2763 909 2788 cum
938 2752 1055 2798 Opta-

340 2814 402 2845 tus
444 2810 709 2855 rescripsisset
747 2810 794 2846 de
836 2810 902 2846 illa
940 2821 1055 2857 quae-

1094 1757 1270 1783 Orare:

1092 2231 1295 2266 oratio:

970 147 1112 183 Index
1139 147 1184 182 V.

1142 260 1267 296 stione
1303 265 1447 297 certam
1483 263 1715 300 sententiam
1751 264 1858 311 flagi-

1142 323 1230 354 tans
1261 319 1312 353 IV
1342 320 1423 366 302,
1452 321 1484 366 5,
1514 321 1558 356 A.
1591 322 1625 357 ei
1656 323 1858 367 respondit

1142 386 1201 421 ep.
1242 377 1310 411 202
1324 377 1368 413 A.
1432 377 1598 422 Optatus
1635 379 1683 415 de
1722 380 1856 416 eodem

1142 439 1370 479 argumento
1407 435 1578 472 libellum
1615 436 1702 472 fide?
1739 437 1856 482 sav-ip-

1142 496 1257 537 serat,
1291 503 1404 538 quem
1434 499 1478 529 ut
1511 494 1584 531 sibi
1617 494 1770 531 mittere
1802 495 1857 531 di-

1141 554 1326 595 gnaretur
1359 551 1404 586 A.
1437 551 1477 586 in
1510 552 1684 598 utrisque
1717 552 1857 589 litteris

1142 607 1284 651 petivit
1309 608 1362 643 IV
1389 609 1467 654 155,
1493 609 1547 645 13.
1572 610 1652 655 307,
1680 611 1733 646 13.
1758 615 1858 647 cete—

1141 675 1224 701 rum
1279 676 1411 702 eorum
1463 668 1695 703 sententiam
1749 669 1857 714 sequi

1141 723 1348 759 videbatur
1387 723 1565 771 Optatus,
1603 726 1668 771 qui
1708 727 1857 761 animas

1143 781 1226 817 sine
1265 781 1346 817 ulla
1383 783 1599 829 propagine
1639 783 1858 820 hominibus

1142 839 1305 885 singulis
1363 840 1536 886 singulas
1595 851 1718 877 novas
1773 841 1858 877 dari

1144 898 1355 933 censebant
1395 897 1448 932 IV
1490 899 1566 943 158,
1610 899 1662 934 17.
1706 900 1783 945 160,
1824 900 1857 934 5.

1141 955 1220 1000 306,
1250 955 1305 991 23.
1335 956 1414 1001 314,
1445 956 1501 991 21.
1528 956 1740 993 identidem
1771 967 1857 993 eum

1142 1013 1186 1048 A.
1226 1013 1471 1059 admonebat,
1520 1025 1568 1050 ne
1607 1014 1646 1050 in
1683 1015 1858 1061 Pelagia-

1142 1081 1230 1107 nam
1258 1071 1448 1107 haeresim
1477 1072 1604 1108 minus
1634 1077 1771 1109 cautus
1803 1073 1858 1108 in-

1143 1133 1313 1165 curreret
1342 1129 1395 1164 IV
1424 1130 1501 1175 157,
1528 1130 1560 1165 8.
1587 1130 1667 1177 310,
1693 1130 1749 1166 22.
1777 1131 1856 1177 315,

1141 1187 1163 1222 6
1190 1191 1306 1233 atque
1332 1187 1524 1223 mittenda
1549 1189 1702 1224 curavit
1727 1199 1857 1225 recen-

1140 1245 1236 1280 tium
1274 1245 1489 1281 litterarum
1529 1246 1719 1292 exempla,
1757 1257 1856 1292 quae

1141 1302 1188 1338 de
1226 1303 1357 1350 Pelagi
1398 1313 1516 1339 causa
1555 1315 1602 1340 ex
1640 1305 1856 1348 apostolica

1143 1360 1233 1396 sede
1262 1365 1468 1397 manarunt
1493 1361 1546 1396 IV
1576 1361 1653 1407 157,
1682 1362 1736 1398 18.

1094 1439 1123 1476 O
1139 1450 1163 1485 p
1178 1445 1193 1476 t
1208 1451 1231 1476 a
1244 1445 1259 1477 t
1273 1452 1299 1476 u
1313 1452 1330 1477 s
1362 1442 1566 1488 presbyter
1599 1443 1647 1478 ab
1679 1442 1723 1478 A.
1756 1442 1857 1479 dele-

1141 1503 1256 1544 gatus
1279 1503 1350 1544 est,
1374 1504 1417 1535 ut
1442 1510 1527 1536 cum
1553 1500 1685 1537 Celere
1710 1500 1857 1546 legeret

1141 1567 1197 1602 ea,
1246 1568 1344 1603 quae
1394 1567 1480 1593 cum
1529 1558 1612 1603 ipse
1659 1558 1856 1603 pollicitus

1142 1620 1254 1659 esset,
1296 1615 1523 1659 prohibitus'
1552 1621 1612 1652 est
1650 1616 1779 1662 legere
1820 1616 1855 1650 II

1141 1672 1220 1718 214,
1247 1673 1279 1708 2.

1325 1748 1507 1784 sacerdos
1545 1749 1607 1785 dei
1645 1749 1695 1785 ad
1734 1749 1855 1784 altare

1140 1805 1204 1841 dei
1265 1806 1492 1842 exhortatur
1548 1806 1735 1851 populum
1792 1807 1855 1843 dei

1141 1874 1252 1900 orare
1275 1874 1346 1909 pro
1369 1864 1579 1900 incredulis
1601 1869 1640 1900 et
1661 1874 1731 1909 pro
1754 1869 1855 1900 cate-

1140 1921 1339 1958 chumenis
1385 1926 1422 1958 et
1467 1932 1538 1967 pro
1583 1922 1774 1958 fidelibus
1803 1922 1855 1957 IV

1140 1980 1219 2025 404,
1251 1981 1286 2024 73
1319 1980 1366 2022 cf.
1397 1980 1477 2025 421,
1507 1980 1681 2025 24-422,
1712 1980 1744 2016 8.
1774 1980 1856 2025 423,

1142 2038 1313 2082 15—424,
1344 2038 1376 2072 5.
1412 2037 1551 2082 spiritu
1587 2042 1743 2073 renatos
1778 2048 1854 2073 non

1140 2094 1215 2130 nisi
1250 2095 1477 2139 spiritaliter
1511 2095 1624 2131 decet
1655 2105 1766 2132 orare
1800 2094 1854 2130 III

1140 2153 1197 2198 65,
1222 2153 1255 2189 6.

1357 2232 1572 2268 orationem
1622 2231 1854 2267 dominicam

1141 2289 1418 2333 interpretatur
1458 2290 1501 2325 A.
1540 2289 1595 2324 III
1633 2289 1689 2335 63,
1728 2289 1854 2333 6-64,

1141 2347 1195 2382 16.
1230 2347 1286 2392 65,
1318 2347 1444 2392 6—-66,
1476 2347 1507 2382 8.
1540 2347 1755 2383 orationem
1789 2346 1854 2382 im-

1140 2405 1369 2449 pensissime
1395 2404 1641 2440 commendat
1666 2405 1710 2440 A.
1735 2404 1855 2440 maxi-

1141 2473 1201 2498 me
1242 2462 1372 2498 viduis
1413 2462 1469 2497 III
1509 2464 1563 2507 73,
1604 2462 1753 2507 15—76,
1796 2462 1853 2506 183

1140 2531 1227 2556 nam
1260 2520 1481 2565 specialiter
1510 2520 1732 2566 diligentior
1763 2530 1856 2555 cura

1140 2578 1358 2614 orationum
1404 2578 1444 2613 in
1489 2578 1682 2622 scriptura
1726 2577 1855 2614 viduis

1141 2636 1336 2671 invenitur
1367 2636 1541 2671 iniuncta
1571 2637 1691 2680 74,.3·.
1721 2636 1768 2676 cf.
1799 2636 1854 2677 75,

1138 2694 1172 2729 3.
1197 2694 1394 2729 orationes
1419 2693 1612 2740 dicuntur,
1636 2704 1722 2729 cum
1748 2692 1853 2737 illud,

1139 2752 1323 2798 quod-est
1344 2751 1383 2787 in
1406 2751 1551 2787 domini
1574 2762 1719 2797 mensa,
1742 2752 1853 2788 bene-

1138 2810 1280 2845 dicitur
1325 2814 1365 2845 et
1410 2809 1674 2845 sanctificatur
1720 2813 1758 2846 et
1803 2808 1852 2844 ad
