2078 3054
310 137 391 178 348
966 148 1046 185 Iud
1057 161 1075 185 e
1087 161 1108 184 x
1137 149 1200 184 VI.

356 266 390 300 in
419 264 593 300 omnibus
620 264 809 310 gentibus.
836 264 933 299 sicut
961 263 1068 298 clari-

356 325 491 358 ticatus
519 333 558 358 es
587 323 623 357 in
651 322 760 357 nobis
787 322 838 356 ΠΙ
865 322 922 357 65.
948 322 979 356 7.
1007 321 1068 356 *et

354 381 562 415 clarificavi
600 385 636 415 et
677 380 810 414 iterum
850 379 1085 415 clarificabo*

354 438 407 472 lll
432 439 512 482 310,
540 438 594 472 20.

307 496 496 531 clarificus
520 506 642 531 sermo
666 496 680 530 I
704 496 757 530 79.
780 496 800 530 7
822 496 976 539 (Paua).

307 554 483 589 claudere
509 555 682 589 infrana:
709 552 884 588 (lominus
909 556 948 588 et
971 552 1066 593 illas.

353 622 450 656 quae
477 622 605 646 secum
633 611 875 646 intraverunt
900 611 947 645 acl
975 621 1067 655 nup-

353 670 437 713 tias,
470 673 508 705 et
541 669 636 712 illas,
670 672 805 704 contra
838 679 931 714 quas
965 668 1067 703 clau-

353 728 412 762 sit.
453 730 634 772 utrasque
671 727 841 772 virgines
880 726 976 761 dixit
1014 726 1065 760 III

352 785 430 829 232,
456 786 488 819 5.

304 843 506 878 clericatus
527 843 577 877 ΙΙΙ
597 844 631 886 3,
651 843 705 878 23.
727 842 947 878 clericatum
969 842 1067 877 acci-

351 911 439 945 pere
467 900 519 934 IV
544 900 600 944 39,
627 902 660 939 4.
687 901 861 936 amittere
889 900 923 934 II
950 900 1005 944 29,
1032 900 1064 935 7.

350 959 583 1002 clericatum,
628 958 831 994 clericatus
877 958 1065 993 sarcinam

350 1017 462 1051 alicui
495 1016 676 1061 inponere
709 1016 761 1051 ΙΙΙ
794 1017 849 1057 10,
880 1016 913 1051 5.
947 1016 1002 1051 13.
1031 1016 1064 1051 3.

350 1074 514 1119 populus
568 1078 675 1109 extra
727 1074 949 1109 clericatum
1002 1073 1063 1108 vel

350 1136 458 1166 extra
508 1133 779 1167 monasterium
831 1132 1064 1167 constitutus

350 1190 402 1224 III
429 1190 482 1234 14,
505 1191 538 1225 3.

303 1248 463 1283 clericus
490 1247 524 1282 II
549 1248 603 1291 25,
629 1249 661 1282 4.
688 1248 766 1282 229.
791 1249 824 1283 3.
851 1248 902 1282 IV
925 1247 982 1291 39,
1009 1247 1062 1281 12.

348 1307 404 1346 40,
429 1306 451 1340 6
477 1306 524 1341 αἶ.
552 1305 645 1341 ordo
673 1305 897 1341 clericorum
924 1305 958 1340 II
985 1305 1062 1345 221,

350 1364 402 1398 13.
445 1363 635 1398 inferioris
675 1363 819 1398 ordinis
861 1362 988 1398 clerici
1029 1363 1062 1397 lI

347 1422 402 1465 90,
438 1422 493 1456 19.
530 1422 709 1465 vulgares
746 1420 973 1456 iocabuntur
1009 1420 1063 1456 di-

348 1482 493 1514 cent-es:
531 1478 662 1514 ‘Malus
697 1479 906 1514 monachus
941 1478 1064 1513 bonus

349 1536 509 1571 clericus
537 1537 606 1571 est⁴
635 1536 668 1571 II
695 1536 774 1573 221.
803 1537 860 1571 18:
887 1537 934 1578 cf.
961 1536 1017 1570 22.

302 1595 440 1629 clerus:
468 1594 505 1628 in
531 1593 673 1629 clerum
698 1594 898 1630 adsumere
924 1593 959 1628 II
985 1593 1063 1638 221,

349 1652 404 1687 16.

302 1713 528 1745 coaeternus
553 1710 652 1745 filius
677 1710 737 1745 dei
762 1710 860 1755 patri
884 1709 1011 1753 11554,
1026 1710 1062 1753 8ζ.

350 1767 396 1808 cf.
419 1768 497 1811 708,
520 1767 574 1803 28.
598 1767 653 1802 III
675 1767 752 1811 111,
773 1768 805 1803 8.
827 1767 906 1811 232,
928 1767 960 1802 2.
983 1767 1063 1811 617,

350 1827 402 1860 10.
436 1825 633 1871 generatio
667 1825 728 1861 dei
760 1825 806 1861 de
838 1825 922 1870 deo,
955 1835 1063 1860 coae-

349 1883 446 1918 terni
472 1883 518 1919 de
547 1887 703 1919 aeterno
732 1883 783 1917 ΠΙ
811 1884 890 1927 410,
917 1883 949 1919 9.
978 1892 1063 1928 pos-

349 1944 438 1975 sunt
476 1941 546 1976 sibi
585 1942 659 1976 ista
695 1951 843 1976 coaeva
879 1944 916 1976 et
955 1950 1060 1976 coac-

349 2002 459 2034 terna
503 2008 601 2043 esse,
648 1999 679 2034 si
725 2002 853 2033 autem
898 1999 959 2034 dei
1005 2002 1063 2034 est

349 2056 556 2092 similitudo
596 2057 691 2092 haec
730 2057 840 2101 ratio,
880 2057 952 2091 hoc
993 2056 1064 2091 erit

348 2124 534 2149 coaevum
564 2117 601 2149 ct
629 2117 875 2150 coaeternum
903 2114 1063 2160 (Evod.)

349 2171 403 2206 ΠΙ
430 2172 511 2216 504,
540 2172 575 2215 9;
605 2172 651 2214 cf.
681 2172 761 2217 503,
790 2172 844 2207 15.
874 2171 1063 2216 sapientia

349 2229 410 2264 ‹lei
450 2229 568 2274 patris
608 2229 679 2265 deo
720 2229 819 2274 patri
857 2232 1063 2264 coaeterna

349 2289 407 2321 est
442 2286 495 2322 III
529 2287 608 2331 625,
641 2287 673 2322 6.
708 2286 801 2321 nihil
836 2290 991 2332 putetur
1025 2287 1062 2322 in

349 2344 519 2379 trinitate
567 2345 721 2389 distare,
770 2344 837 2380 sed
883 2345 956 2379 tria
1002 2355 1062 2379 ae-

350 2402 478 2446 qualia
503 2412 586 2438 esse
613 2404 650 2437 et
676 2405 882 2437 coaeterna
906 2402 959 2436 ΙΙΙ
983 2402 1080 2446 6142

349 2459 394 2482 09
416 2475 420 2478 ,

302 2526 469 2551 coaevus
497 2527 531 2552 v.
560 2520 799 2552 coaeternus.

302 2574 517 2610 coalescere
546 2574 599 2609 IV
626 2575 683 2618 38,
711 2575 769 2617 16;
800 2575 846 2617 cf.
876 2574 932 2619 44,
961 2574 1015 2609 12.

302 2632 548 2676 coapostolus
576 2632 610 2666 II
637 2632 716 2670 357,
747 2633 800 2666 11.

302 2693 497 2734 coaptare:
529 2689 635 2734 ligna
664 2689 702 2724 in
733 2700 846 2725 arcae
879 2689 1079 2751 fabricam¹

349 2749 531 2791 coaptata
572 2750 661 2782 sunt
702 2747 754 2781 III
796 2747 875 2791 536,
919 2747 974 2782 17.
1016 2768 1062 2772 -

352 2804 614 2849 :applicarez
649 2808 742 2849 puto
778 2815 864 2840 eum
898 2814 975 2840 non
1008 2803 1079 2859 iri-j

1151 265 1282 300 venire
1306 265 1342 300 in
1367 266 1540 301 oratioue
1563 265 1766 302 dominica.
1789 276 1864 310 quo

1152 323 1274 367 possit
1316 323 1410 358 haec
1453 327 1545 358 vota
1589 326 1770 368 coaptare
1812 323 1864 358 III

1148 381 1206 424 67,
1228 381 1262 424 4;
1285 381 1331 422 cf.
1351 381 1431 416 616.
1452 381 1507 415 20.
1528 382 1583 417 29.
1599 402 1645 406 —
1660 397 1700 409 z
1717 392 1865 417 accom-

1150 439 1319 474 modare:
1351 439 1405 473 ita
1432 439 1577 483 vivere,
1606 442 1649 474 ut
1678 439 1782 475 vitae
1811 440 1865 474 in-

1149 496 1301 531 mortali
1321 497 1486 541 quodam
1507 497 1620 532 modo
1642 500 1865 542 coaptemur

1149 553 1183 587 ll
1202 554 1282 597 507.
1303 554 1361 594 14;
1382 554 1427 595 cf.
1447 555 1528 598 508,
1548 555 1579 589 7.
1599 554 1679 598 532,
1697 555 1730 590 5.
1748 554 1865 598 (Chri-

1150 611 1248 655 stus)
1273 611 1344 646 sibi
1369 611 1534 647 animam
1558 612 1784 648 rationalem
1809 615 1865 647 to-

1148 672 1303 713 tumque
1325 669 1479 704 omnino
1497 669 1690 705 hominem
1711 674 1865 714 coapta-

1149 727 1207 761 vit
1231 727 1284 761 III
1310 727 1387 771 107,
1413 727 1448 770 43
1474 727 1521 768 ct.
1547 728 1625 772 113,
1649 727 1682 762 5.
1708 727 1760 762 IV
1786 728 1863 772 161,

1148 784 1257 819 13.—
1272 799 1311 812 Ξ
1323 785 1477 820 referre:
1493 784 1611 820 verba
1627 785 1812 820 salvatori
1826 784 1864 821 in

1148 843 1372 887 prophetiae
1420 843 1706 887 praedicatione
1752 853 1865 888 coap-

1148 903 1278 935 tantur
1314 900 1367 935 ΙΙΙ
1403 901 1481 944 171,
1518 900 1576 944 16;
1611 901 1657 942 cf.
1694 901 1771 945 182,
1808 901 1862 936 15.

1150 958 1227 1002 185,
1256 959 1311 993 25.
1342 959 1420 1001 187,
1449 959 1502 993 14.
1531 958 1610 1003 205,
1637 959 1671 994 4.
1699 959 1779 1003 307,
1807 959 1862 994 20.

1146 1037 1193 1041 -
1239 1032 1279 1045 z
1327 1026 1568 1060 componere,
1614 1026 1862 1061 comparare:

1147 1074 1254 1118 retia,
1290 1073 1427 1118 quibus
1464 1073 1670 1119 (dominus)
1706 1084 1863 1120 congre-

1146 1131 1313 1177 gationis
1338 1135 1496 1177 coaptat
1518 1132 1705 1168 unit-atem
1726 1131 1762 1167 ΙΙ
1783 1132 1862 1176 619,

1148 1190 1202 1224 15.
1252 1189 1313 1224 cui
1362 1189 1600 1225 similitudini
1649 1190 1688 1224 in
1735 1190 1863 1235 dispu-

1146 1248 1263 1282 tando
1309 1247 1580 1283 convenientia
1623 1251 1732 1283 tanta
1775 1257 1863 1283 con-

1147 1305 1306 1349 ceditur,
1333 1309 1375 1340 ut
1403 1305 1437 1340 ei
1464 1305 1530 1350 rei,
1557 1305 1618 1340 cui
1646 1304 1862 1341 adhibenda

1148 1366 1218 1408 est,
1239 1363 1341 1398 omni
1364 1373 1411 1398 ex
1432 1367 1540 1408 parte
1562 1363 1786 1408 coaptetur?
1808 1362 1862 1398 III

1145 1420 1225 1466 615,
1251 1421 1311 1465 203
1339 1422 1386 1463 ct.
1412 1421 1492 1465 535,
1518 1421 1551 1457 9.

1100 1479 1300 1524 coargutio
1337 1482 1404 1514 tua
1437 1489 1514 1515 non
1549 1489 1681 1514 amara
1713 1479 1748 1514 ΙΙ
1782 1479 1862 1522 703,

1146 1536 1190 1571 14
1217 1536 1379 1581 (Consu).

1100 1597 1288 1629 coartare:
1316 1595 1407 1639 quid
1434 1594 1505 1630 sibi
1531 1594 1636 1639 velit,
1663 1594 1764 1639 quod
1792 1595 1859 1629 ait:

1147 1652 1214 1688 ‘De
1249 1652 1374 1688 medio
1411 1652 1502 1696 fiat‘,
1538 1655 1667 1697 potest
1701 1652 1860 1697 quisque

1147 1719 1186 1745 se
1233 1712 1408 1746 coartare
1457 1711 1512 1754 (z
1529 1709 1673 1755 coniti),
1720 1713 1763 1745 ut
1808 1709 1861 1744 in-

1146 1767 1305 1814 tellegat
1332 1767 1385 1803 IV
1412 1767 1490 1811 253,
1520 1768 1573 1803 13.

1100 1825 1394 1871 coepiscopatus
1424 1826 1459 1860 II
1489 1826 1521 1869 4,
1552 1826 1605 1860 12.

1100 1883 1365 1928 coepiscopus:
1396 1883 1577 1919 incolumi
1590 1883 1743 1919 Valerio
1771 1882 1861 1928 Hip-

1146 1941 1341 1985 poniensis
1381 1941 1567 1977 ecclesiae
1608 1941 1860 1986 coepiscopus

1146 1999 1385 2044 Augustinus
1416 2002 1476 2034 est
1504 1999 1538 2033 II
1566 1999 1599 2043 9,
1629 1999 1672 2035 18
1700 1999 1860 2043 (Parth),-

1146 2057 1193 2098 οἵ.
1225 2057 1305 2101 388,
1337 2058 1369 2092 3.
1402 2057 1482 2100 514,
1514 2056 1571 2091 20.
1603 2057 1683 2100 539,
1714 2058 1747 2092 3.
1780 2056 1859 2091 582.

1146 2115 1167 2149 7
1190 2115 1237 2149 al.

1098 2182 1249 2217 cogere:
1286 2175 1475 2215 ornatum,
1511 2182 1585 2216 quo
1623 2171 1695 2206 etsi
1731 2171 1857 2216 aliqua

1144 2230 1241 2264 dura
1290 2229 1516 2265 condicione
1566 2229 1757 2274 cogereris
1807 2228 1859 2263 IV

1145 2287 1224 2323 629.
1254 2287 1307 2322 16.

1098 2345 1274 2390 cognitor
1317 2360 1357 2373 Ξ
1400 2344 1621 2389 quaesitor:
1686 2344 1858 2389 superior

1145 2403 1320 2447 cognitor
1349 2402 1384 2436 II
1411 2403 1492 2443 330.
1523 2402 1576 2437 17.
1607 2401 1858 2437 ecclesiastici

1144 2460 1363 2504 cognitores
1393 2459 1447 2494 III
1476 2459 1555 2503 265,
1585 2459 1639 2494 22.

1098 2517 1333 2552 cohabitare:
1360 2517 1396 2551 II
1421 2517 1500 2561 239,
1525 2517 1562 2560 33
1590 2517 1637 2558 cf.
1663 2516 1742 2561 392,
1766 2517 1799 2552 3.
1826 2516 1857 2551 si

1144 2574 1324 2610 incolumi
1359 2573 1552 2609 habitetur
1587 2574 1626 2609 in
1647 2573 1785 2626 *patria
1820 2576 1858 2609 et

1078 2619 1079 2660 3
1142 2631 1364 2667 cohabitent
1383 2632 1472 2667 mali
1491 2631 1663 2667 homines
1683 2631 1736 2666 III
1754 2631 1810 2674 44,
1825 2631 1856 2665 4.

1098 2689 1332 2725 cohabitatio
1368 2689 1534 2734 apostoli
1567 2688 1676 2724 Pauli
1710 2689 1744 2723 ΙΙ
1777 2689 1858 2732 341,

1143 2747 1176 2791 5,
1209 2747 1328 2792 ipsius
1362 2746 1505 2782 domini
1538 2746 1678 2781 Christi
1710 2746 1745 2780 II
1776 2746 1856 2789 344,

1145 2805 1199 2840 10.
