2078 3054
299 138 380 178 298

342 264 434 298 bant
460 264 493 298 II
517 264 597 299 681.
626 263 678 297 19.
706 272 780 297 non
807 261 982 297 inmerito
1009 261 1058 297 ad

341 321 510 355 officium
561 330 670 355 suum
722 320 911 364 pertinere
961 318 1058 354 arbi-

341 378 430 413 trati
473 381 562 412 sunt
602 376 741 412 Stoicis
782 381 819 412 et
859 376 1057 422 Epicureis

340 436 502 470 maxime
541 438 580 470 et
617 445 734 480 prope
773 435 864 470 solis
902 435 1056 470 omnino

340 493 517 528 resistere
549 492 584 527 II
613 493 692 536 681,
723 494 756 528 3.
788 492 940 528 nomine
971 492 1056 537 Epi-

338 560 539 585 cureorum
569 554 607 586 et
637 549 852 585 Stoicorum
881 561 905 585 a
931 550 1056 586 Plato-

339 607 434 643 nicis
469 608 682 653 oppugnati
718 611 807 643 sunt
841 608 886 651 ei,
920 607 985 653 qui
1019 608 1056 643 in

338 666 510 710 corporis
539 666 601 701 vel
631 665 747 701 animi
775 669 914 701 natura
943 676 1055 711 pone-

338 723 432 758 bant
473 726 512 759 et
553 723 665 758 finem
705 723 796 758 boni
838 727 878 759 et
918 733 1055 759 causas

338 791 463 816 rerum
503 784 541 816 et
581 781 838 817 ratiocinandi
877 781 1055 817 fiduciam

338 839 372 873 ΙΙ
412 839 493 882 684,
535 840 567 873 7.
610 838 811 883 Platonici,
854 849 939 874 cum
982 839 1055 874 iam

341 896 483 932 Christi
497 907 637 932 nomen
651 895 922 941 crebresceret,
938 907 1054 932 emer—

336 965 426 999 gere
460 958 671 999 coeperunt
702 954 751 990 ad
786 954 1055 999 proferendum

969 149 1111 185 Index
1137 147 1180 184 V.

1138 261 1377 299 Xenocrates
1403 264 1646 301 Polemonem
1673 267 1720 302 de
1747 267 1856 312 fruge

1140 321 1416 365 temperantiae
1481 322 1714 367 disputando
1780 335 1854 360 non

1140 377 1262 413 solum
1298 378 1489 414 ebriosum
1524 391 1656 416 verum
1692 386 1729 416 et
1765 385 1854 418 tunc

1140 435 1284 470 ebrium
1320 436 1369 471 ad
1406 447 1530 473 mores
1566 438 1662 473 alios
1700 443 1854 484 repente

1140 493 1332 528 convertit
1373 494 1426 528 III
1466 495 1544 538 263,
1586 496 1638 530 16.
1680 496 1758 532 264.
1801 498 1854 532 11.

1139 550 1218 595 266,
1245 551 1278 587 3.

1093 607 1270 644 Pollio
1311 619 1345 644 v.
1385 608 1584 645 Cornelius
1623 615 1663 646 et
1699 612 1854 647 Asinius

1138 665 1271 701 Pollio.

1092 723 1120 758 P
1134 733 1156 758 o
1171 734 1207 758 m
1223 734 1246 768 p
1261 724 1271 759 i
1286 723 1297 758 1
1313 724 1323 759 i
1338 735 1360 759 u
1377 735 1394 760 s
1421 734 1455 760 v.
1482 725 1608 760 Numa
1632 725 1854 771 Pompilius

1092 781 1120 816 P
1134 790 1156 815 ο
1171 791 1196 816 n
1211 785 1226 816 t
1240 781 1251 816 i
1266 792 1288 816 a
1303 792 1327 816 n
1340 792 1365 816 u
1381 792 1414 825 s,
1464 783 1669 828 episcopus
1718 783 1855 820 Roma-

1138 849 1209 874 nus
1239 839 1274 874 11
1304 839 1381 884 153,
1412 841 1466 875 17.

1092 896 1156 932 Po
1173 907 1195 930 n
1211 896 1249 931 ti
1266 907 1285 932 c
1301 908 1322 931 a
1338 908 1399 932 nu
1416 907 1449 942 s,
1481 897 1633 934 Romuli
1664 903 1773 935 actor
1804 898 1854 935 IV

1137 954 1217 999 587,
1248 955 1301 989 14.

337 1016 453 1057 atque
499 1012 759 1057 aperiendum,
806 1012 898 1058 quid
944 1012 1054 1047 Plato
1089 1011 1117 1046 P
1131 1021 1154 1046 ο
1169 1022 1193 1046 n
1209 1011 1249 1047 ti
1265 1022 1283 1047 c
1299 1012 1347 1047 ia
1362 1023 1386 1047 n
1401 1023 1426 1047 u
1440 1024 1458 1049 s
1489 1013 1696 1059 episcopus
1713 1015 1750 1050 in
1766 1025 1853 1050 con-

338 1070 525 1105 sensisset
545 1070 579 1105 11
600 1070 680 1115 697,
704 1071 734 1105 1.
756 1080 872 1106 verae
895 1070 1054 1106 rationis

338 1138 540 1172 personam
591 1127 746 1173 implere
797 1138 872 1164 non
924 1130 1053 1173 potue-

338 1188 436 1230 runt,
467 1186 591 1222 defuit
621 1186 721 1221 enim
750 1184 905 1222 divinae
936 1187 1055 1222 humi-

337 1243 456 1278 litatis
482 1244 708 1288 exemplum,
733 1244 835 1289 quod
862 1254 927 1289 per
950 1243 1054 1280 Chri-

337 1305 437 1336 stum
467 1301 711 1337 inlustratum
741 1305 801 1337 est
828 1302 862 1336 II
890 1302 970 1346 681,
998 1302 1054 1338 23.

336 1359 491 1394 eosdem
520 1359 774 1395 Academicos
804 1370 900 1405 quos
927 1349 1054 1395 Pl‘ato-

336 1417 443 1452 nicos
478 1427 563 1453 esse
599 1417 817 1452 auditorum
853 1418 937 1463 ipsa
971 1428 1053 1453 suc-

336 1475 510 1510 cessione
548 1474 713 1510 docebat
749 1476 795 1510 A.
833 1475 867 1510 II
903 1476 983 1520 681,
1019 1475 1053 1510 5.

383 1532 605 1568 Platonicus
638 1533 724 1568 fons
756 1533 772 1568 Ι
804 1534 835 1577 1,
864 1534 897 1569 9.
927 1533 1053 1568 Plato-

335 1590 443 1626 nicae
477 1590 604 1636 gentis
639 1590 888 1635 philosophos
922 1591 977 1626 ait
1008 1591 1053 1626 A.

336 1648 469 1693 paucis
505 1648 662 1684 mutatis
699 1648 953 1684 invictissimo
988 1649 1054 1684 uni

336 1706 417 1751 regi
447 1705 599 1741 Christo
630 1706 712 1751 pias
742 1706 913 1746 cervices
943 1716 1054 1752 opor-

336 1767 415 1799 tere
445 1763 668 1800 submittere
696 1764 731 1798 ΙΙ
757 1764 837 1809 685,
864 1765 897 1799 4.

289 1821 523 1866 Pliades,
559 1821 746 1857 caelestes
783 1825 982 1857 creaturae
1019 1821 1052 1857 ΙΙ

337 1879 414 1923 185,
441 1879 494 1914 19.

289 1936 500 1972 Plotini
550 1937 684 1972 schola
731 1937 876 1973 Romae
925 1937 1053 1972 floruit

335 1993 544 2039 habuitque
586 1994 872 2040 condiscipulos
911 1995 1052 2030 multos

335 2052 580 2088 acutissimos
654 2056 692 2087 et
767 2052 1052 2088 sollertissimos

335 2110 454 2153 viros,
497 2111 563 2145 sed
605 2110 722 2154 aliqui
763 2121 894 2146 eorum
935 2110 1052 2156 magi-

335 2178 465 2202 carum
496 2167 635 2202 artium
665 2168 890 2204 curiositate
919 2169 1053 2213 depra-

337 2225 416 2260 vati
454 2228 553 2269 sunt,
589 2226 705 2270 aliqui
741 2226 778 2260 in
814 2225 954 2260 Christi
989 2226 1053 2260 mi-

336 2282 455 2317 litiam
491 2283 726 2317 transierunt
759 2282 793 2317 II
826 2283 906 2326 697,
941 2283 972 2317 4.
1008 2283 1051 2317 A.

335 2339 523 2384 epistulae
595 2340 777 2375 Nebridio
849 2340 1053 2384 Christum,

335 2397 545 2442 Platonem,
581 2398 772 2432 Plotinum
811 2397 1002 2433 sonabant
1037 2398 1052 2432 I

338 2455 391 2499 12,
421 2456 451 2489 1.

289 2512 538 2557 poetica:
580 2523 626 2548 ne
668 2512 858 2557 poeticam
900 2512 1051 2557 quidem

336 2569 578 2614 eloquentiae
614 2573 759 2614 partem
795 2570 951 2605 tacitam
986 2574 1053 2605 aut

337 2627 562 2662 inhonoram
595 2628 640 2662 A.
673 2627 825 2672 reliquit
857 2627 910 2662 III
943 2628 998 2671 90,
1031 2628 1052 2663 8

336 2685 468 2725 (Vol.).

288 2745 316 2780 P
331 2756 352 2779 o
369 2746 378 2780 l
395 2756 413 2780 e
431 2757 465 2780 m
480 2757 502 2780 0
518 2757 542 2780 n
594 2746 780 2780 successit
832 2744 1052 2792 Xenocrati.

337 2803 532 2838 Polemoni
580 2803 771 2850 Arcesilas
817 2803 851 2838 ΙΙ
895 2802 975 2848 681,
1020 2804 1051 2838 8.

1139 1070 1226 1105 cilio
1249 1070 1471 1107 Milevitano
1493 1072 1618 1107 adfuit
1642 1073 1694 1107 III
1717 1073 1797 1109 663.
1820 1075 1852 1109 7.

1091 1126 1119 1162 P
1133 1137 1155 1163 0
1171 1137 1195 1162 n
1210 1130 1224 1162 t
1239 1127 1249 1162 i
1264 1139 1288 1163 u
1304 1139 1320 1163 s
1356 1132 1394 1164 et
1428 1128 1682 1175 Rogatianus,
1718 1130 1854 1176 quibus

1138 1185 1443 1230 supplicantibus
1484 1186 1654 1223 Iulianus
1695 1188 1854 1233 impera-

1137 1245 1197 1278 tor
1225 1243 1441 1279 libertatem
1472 1245 1572 1289 parti
1602 1245 1744 1281 Donati
1773 1257 1853 1292 per-

1137 1301 1251 1345 misit,
1277 1301 1457 1337 dixerunt
1482 1302 1625 1338 homini
1651 1306 1852 1348 apostatae

1136 1359 1238 1403 apud
1259 1370 1345 1394 eum
1366 1359 1486 1395 solam
1506 1360 1692 1396 iustitiam
1714 1361 1852 1397 habere

1137 1416 1263 1451 locum
1289 1417 1323 1451 II
1347 1417 1427 1461 601,
1451 1417 1507 1452 24.
1531 1418 1611 1454 602.
1638 1419 1667 1453 1.

1091 1474 1309 1509 Pontus:
1335 1475 1500 1510 ecclesia
1522 1475 1634 1511 Ponti
1658 1476 1693 1511 ΙΙ
1716 1476 1795 1513 402.
1822 1477 1851 1511 1.

1089 1530 1430 1577 Porphyrius

1505 1534 1670 1578 apostoli
1744 1533 1853 1570 Pauli

1136 1589 1263 1635 arguit
1292 1590 1578 1635 procacitatem,
1607 1591 1670 1636 qui
1698 1592 1852 1627 Petrum

1136 1657 1253 1683 ausus
1289 1651 1389 1683 esset
1425 1649 1715 1693 reprehendere,
1751 1649 1852 1694 quod

1136 1705 1175 1739 in
1217 1705 1350 1740 eodem
1395 1705 1432 1740 in
1475 1716 1549 1751 quo
1593 1706 1674 1751 ipse
1717 1707 1853 1742 fuisset

1136 1773 1263 1798 errore
1288 1763 1323 1797 II
1348 1763 1427 1807 289,
1454 1764 1498 1798 10
1521 1766 1559 1799 et
1583 1763 1851 1809 blasphemans

1137 1830 1202 1855 eos
1246 1821 1381 1865 puerili
1422 1821 1520 1856 dixit
1563 1821 1661 1857 inter
1703 1832 1743 1857 se
1787 1833 1850 1867 pu-

1134 1888 1276 1922 gnasse
1321 1879 1529 1914 certamine
1574 1880 1654 1923 300,
1701 1879 1757 1922 163
1804 1880 1850 1920 cs.

1134 1936 1214 1979 311,
1237 1936 1290 1970 12.
1311 1946 1387 1981 qua
1406 1936 1646 1980 expositione
1668 1936 1850 1981 Origenes

1136 1997 1173 2028 et
1225 1994 1341 2029 ceteri
1391 1994 1572 2039 deinceps
1624 1995 1851 2039 interpretes

1134 2051 1346 2096 Porphyrio
1381 2050 1662 2096 blasphemanti
1698 2062 1852 2097 respon-

1135 2109 1224 2144 dere
1259 2109 1387 2144 conati
1421 2113 1562 2153 essent,
1596 2109 1852 2154 Hieronymus

1136 2167 1294 2201 adnotat
1322 2166 1357 2201 II
1384 2167 1462 2202 289.
1488 2167 1523 2209 73
1551 2167 1594 2202 A.
1621 2171 1748 2202 autem
1775 2167 1850 2202 alio

1136 2224 1263 2269 potius
1312 2225 1425 2259 modo
1476 2224 1663 2269 Porphyri
1712 2225 1850 2259 calum-

1135 2282 1235 2316 niam
1271 2281 1551 2317 defendendam
1585 2292 1668 2317 esse
1703 2282 1852 2317 censuit

1135 2338 1169 2373 H
1210 2339 1291 2383 375,
1332 2339 1364 2374 9.
1408 2349 1505 2384 quae
1549 2339 1596 2375 de
1638 2339 1850 2384 Porphyrio

1135 2400 1270 2431 contra
1318 2396 1556 2431 Christianos
1605 2397 1851 2441 quaestiones

1135 2458 1328 2498 tamquam
1384 2453 1591 2489 validiores
1647 2454 1850 2499 decerptae

1135 2511 1447 2556 proponebantur
1476 2511 1511 2546 II
1539 2511 1618 2546 551.
1647 2512 1680 2546 5.
1710 2511 1789 2547 569.
1819 2511 1850 2545 2.

1135 2569 1187 2603 IV
1212 2569 1290 2612 471,
1316 2569 1350 2612 73
1378 2569 1424 2610 ct.
1450 2568 1503 2603 III
1526 2569 1607 2612 570,
1630 2569 1663 2604 9.

1089 2631 1115 2664 P
1130 2641 1151 2665 ο
1168 2642 1184 2665 s
1201 2641 1217 2665 s
1234 2630 1281 2665 id
1298 2631 1307 2665 i
1323 2641 1346 2664 ιι
1363 2641 1396 2675 S,
1434 2630 1668 2673 Calamensis
1706 2630 1850 2675 episco-

1135 2695 1205 2732 pus
1236 2688 1269 2722 II
1299 2689 1379 2732 598,
1410 2688 1441 2722 2.
1474 2687 1594 2722 tristis
1626 2698 1712 2722 eum
1742 2686 1849 2722 Cala-

1135 2745 1319 2780 mensium
1348 2755 1465 2780 causa
1491 2745 1685 2789 compulit,
1712 2748 1754 2780 ut
1779 2745 1850 2779 iret

1135 2807 1239 2838 trans
1267 2813 1368 2838 mare
1394 2803 1428 2837 II
1451 2803 1531 2847 506,
1557 2803 1611 2837 17.
1638 2802 1704 2838 sed
1730 2802 1849 2848 prius-
