2078 3054
302 131 357 173 38
941 143 1083 178 Index
1110 142 1184 177 111.

303 258 425 306 neque
466 260 564 295 hanc
605 259 791 303 temporis
831 258 1131 303 descriptionem
1172 259 1312 303 turbat,
1355 259 1458 303 quod
1501 258 1741 304 Augustinus
1784 259 1822 294 in

303 328 362 362 ep.
396 319 462 354 139
495 317 591 352 dicit
622 317 828 361 epistulam
860 317 925 351 141
960 317 1009 353 ad
1041 316 1162 351 laicos
1195 316 1422 368 Donatistas
1455 327 1495 352 se
1528 317 1642 352 modo
1676 316 1824 362 aliquot

303 376 633 412 lucubrationibus
665 375 977 420 terminavisse,1)
1012 375 1050 409 in
1083 375 1170 419 ipsa
1198 379 1326 410 autem
1358 374 1424 409 illa
1452 375 1621 419 epistula
1651 378 1824 410 extrema

302 434 477 471 additum
512 437 584 470 est:
621 434 727 469 Haec
760 434 809 468 ad
845 443 916 468 vos
949 434 1175 477 scripsimus
1210 433 1338 468 XVIII
1374 432 1461 468 Kal.
1495 433 1614 468 Iulias
1648 433 1823 477 piissimo

304 493 474 528 Honorio
499 492 675 538 Auyusto
703 491 813 526 VIIII
837 501 940 526 cons.
966 491 1003 526 id
1030 495 1089 526 est
1112 502 1145 526 a.
1173 491 1252 526 412,
1289 501 1336 526 ex
1361 490 1696 526 Retractationum
1722 491 1822 526 enim

302 550 326 585 l.
359 550 394 585 II
427 560 457 585 c.
490 550 535 585 40
567 550 732 594 appa-ret
763 548 1023 595 Augustinum
1057 549 1161 584 illam
1195 549 1401 593 epistulam
1435 549 1559 593 primo
1593 549 1719 593 ipsum
1756 559 1824 593 per

304 619 343 645 se
370 608 586 644 Donatistis
615 607 778 652 misisse,
805 612 942 652 postea
968 611 1108 652 autem,
1135 617 1248 653 quam
1277 607 1316 642 in
1343 606 1506 642 concilio
1537 607 1710 642 Zertensi
1739 617 1824 642 eam

304 666 561 711 proposuerit,
594 666 771 701 omnibus
807 665 999 710 placuisse
1033 665 1165 709 et,die
1199 665 1400 709 adscripta
1431 665 1585 700 concilii
1619 664 1824 709 epistulam

305 734 389 761 csse
423 724 577 760 factam.
611 745 659 749 —
691 723 864 768 Denique
899 723 1101 768 epistulam
1137 724 1205 758 140
1238 723 1284 758 de
1319 723 1444 768 gratia
1479 723 1571 758 novi
1606 722 1827 758 testamenti

304 783 353 819 ad
386 781 625 818 Honoratum
657 782 695 817 in
726 782 902 817 manibus
935 792 974 817 se
1006 782 1146 817 habere
1177 785 1293 827 atque
1325 781 1591 816 continuo
1624 781 1825 817 absolvere

305 840 442 877 debere
471 840 509 876 in
535 840 670 875 eadem
697 839 867 884 epistula
892 839 959 875 139
985 840 1226 885 Augustinus
1253 839 1498 884 confirmat.²)

445 898 660 943 Epistulam
695 898 762 933 142
794 902 882 942 post
914 897 1173 933 conlationem
1204 897 1548 943 Carthaginensem
1582 908 1667 933 cum
1700 897 1826 932 Dona-

307 957 406 992 tistis
433 957 615 1001 scriptam
641 966 725 991 esse
753 966 799 991 cx
826 966 857 991 c.
883 956 917 1000 3,
943 956 1119 1000 quamvis
1146 955 1306 1000 lacunis,
1331 955 1370 990 id
1396 956 1498 1000 quod
1524 955 1731 990 dolendum
1758 959 1828 998 est,

306 1014 355 1050 sit
388 1018 623 1059 corruptum,
658 1014 752 1049 satis
788 1013 1036 1059 intellegitur.
1082 1018 1286 1057 praeterea
1319 1014 1358 1049 in
1392 1014 1527 1049 eodem
1564 1014 1692 1058 capite
1726 1014 1827 1049 inter

305 1072 402 1108 hanc
433 1072 639 1117 epistulam
669 1076 707 1108 et
736 1072 942 1116 epistulam
974 1072 1038 1106 141
1070 1083 1116 1107 ea
1145 1076 1205 1108 est
1236 1071 1515 1108 sententiarum
1545 1072 1827 1117 verborumque

307 1130 558 1175 similitud0,³)
591 1134 633 1165 ut
665 1129 827 1165 Maurini
858 1133 962 1165 recte
994 1130 1228 1165 iudicavisse
1258 1129 1476 1174 videantur,
1508 1140 1594 1165 cum
1627 1133 1829 1165 censerent

307 1192 496 1234 utrasque,
512 1188 661 1223 litteras
686 1191 857 1233 tempore
882 1198 1033 1232 quoque
1057 1188 1160 1223 haud
1183 1188 1344 1223 multum
1368 1187 1467 1223 inter
1491 1198 1532 1223 se
1556 1188 1712 1223 distare.

447 1246 624 1298 Epistula
663 1246 729 1282 143
767 1246 1009 1292 Augustinus
1048 1246 1250 1290 respondit
1288 1247 1339 1282 ad
1380 1246 1593 1283 Marcellini
1634 1248 1827 1292 quandam

306 1304 522 1349 epistulam,
555 1315 669 1350 quam
699 1308 905 1348 acceperat
932 1314 1001 1349 per
1031 1304 1256 1348 episcopum
1286 1304 1566 1350 Bonifatium.⁴)
1610 1305 1829 1340 Bonifatius

306 1367 433 1399 autem
458 1373 543 1397 cum
559 1362 782 1398 Marcellino
808 1362 946 1407 fuerat,
970 1372 1045 1409 quo
1069 1366 1243 1407 tempore
1268 1363 1506 1399 scribebatur
1533 1363 1702 1407 epistula
1715 1363 1826 1408 139,⁵)

308 1421 346 1456 id
368 1426 427 1457 est
446 1421 570 1457 hieme
591 1431 625 1456 a..
647 1421 844 1456 411-412.
878 1431 952 1467 quo
975 1421 1079 1456 circa
1099 1430 1183 1456 cum
1205 1421 1382 1457 dubitare
1404 1432 1482 1457 non
1507 1422 1712 1467 possimus,
1737 1422 1828 1467 quin

306 1490 353 1515 ea
381 1479 585 1515 occasione
618 1478 837 1515 Bonifatius
869 1479 972 1515 illam
1004 1479 1217 1515 Marcellini
1249 1480 1455 1524 epistulam
1488 1480 1537 1516 ad
1569 1479 1828 1526 Augustinum

307 1537 521 1583 pertulerit,
550 1537 760 1583 Augustini
789 1547 1017 1581 responsum
1044 1549 1077 1573 a.
1105 1538 1172 1572 412
1200 1538 1392 1574 redditum
1420 1549 1504 1574 esse
1532 1538 1730 1583 probabile
1759 1544 1828 1574 cst.

308 1596 376 1632 sed
402 1596 518 1632 etiam
545 1606 630 1631 cum
657 1605 717 1640 ep.
746 1596 812 1631 137
839 1596 889 1631 ad
914 1596 1167 1631 Volusianum
1195 1597 1289 1632 data
1314 1597 1514 1642 aptissime
1545 1597 1725 1633 cohaeret
1752 1597 1830 1641 epi-

309 1654 410 1689 stula
435 1653 513 1689 143.
551 1654 590 1689 in
615 1653 680 1689 illa
706 1654 806 1690 enim
832 1653 1074 1699 Augustinus
1099 1654 1362 1700 interrogatus
1390 1665 1421 1690 c.
1450 1655 1564 1690 2-10
1589 1655 1636 1691 de
1664 1655 1829 1691 mirabili

310 1711 471 1757 virginis
504 1712 647 1747 Mariae
680 1716 795 1757 partu
825 1712 978 1748 locutus
1010 1716 1104 1749 erat.
1149 1724 1247 1758 quae
1281 1724 1365 1748 cum
1401 1713 1645 1749 Marcellinus
1679 1724 1830 1759 quoque

310 1769 468 1815 legisset
481 1770 511 1816 ⁰)
544 1774 659 1815 atque
689 1770 762 1806 sibi
793 1781 870 1806 non
902 1770 1078 1806 sufficere
1107 1771 1233 1807 videri
1262 1771 1492 1817 scripsisset,
1523 1771 1764 1818 Augustinus
1794 1772 1832 1807 in

311 1831 483 1865 extrema
526 1828 693 1872 epistula
736 1828 802 1864 143
845 1829 1099 1872 respondens:
1144 1830 1201 1866 De
1244 1830 1470 1875 virqinitate
1512 1833 1652 1873 autem,
1697 1830 1831 1875 inquit,

309 1890 468 1922 sanctae
501 1887 644 1922 Mariae
676 1888 710 1922 si
740 1888 824 1930 hoc,
857 1888 959 1932 quod
991 1889 1142 1933 scripsi,
1174 1898 1251 1923 non
1283 1889 1494 1933 persuadet
1528 1889 1611 1931 fieri
1645 1890 1830 1934 potuisse,

311 1945 489 1990 ueyanda
529 1948 620 1980 sunt
660 1946 802 1988 omnia,
843 1955 953 1990 quae·
982 1946 1208 1981 mirabiliter
1248 1948 1287 1981 in
1328 1947 1554 1991 corporibus
1595 1947 1832 1982 acciderunt.

310 2002 418 2038 brevi
451 2002 568 2047 igitur
601 2003 787 2047 temporis
824 2003 951 2047 spatio
988 2003 1271 2039 concluduntur
1304 2005 1494 2048 epistulae
1528 2005 1606 2040 137.
1641 2005 1719 2040 139.
1753 2005 1831 2040 143.

453 2060 669 2105 Epistulam
699 2061 766 2096 144
794 2061 1036 2106 Augustinus
1065 2062 1272 2106 episcopus
1303 2063 1542 2098 Cirtensibus
1571 2063 1686 2108 misit,
1717 2063 1782 2109 qui
1812 2075 1833 2098 a

311 2117 526 2154 Donatistis
554 2119 604 2154 ad
632 2119 908 2154 catholicorum
937 2124 1086 2164 partem
1118 2131 1157 2156 se
1187 2121 1373 2156 transisse
1403 2121 1437 2156 ei
1464 2121 1752 2157 nuntiaverant.
1794 2121 1831 2156 in

313 2176 421 2212 cuius
443 2177 634 2221 epistulae
656 2177 767 2212 initio
793 2187 878 2213 cum
901 2178 1066 2224 legatur:
1090 2179 1132 2214 Si
1152 2179 1297 2214 duritia
1320 2180 1447 2215 cordis
1469 2180 1627 2214 humani
1649 2181 1833 2215 resistens

452 2304 481 2349 ¹)
510 2314 548 2348 p.
581 2304 660 2349 153,
691 2304 794 2339 3—5.

453 2361 482 2407 ²)
511 2371 548 2406 p.
585 2362 662 2407 153,
698 2363 828 2406 7-10;
864 2363 911 2398 cf.
946 2363 1117 2399 Retract.
1153 2364 1189 2398 II
1225 2365 1284 2400 36:
1323 2365 1377 2399 Eo
1413 2366 1497 2410 ipso
1539 2368 1722 2409 tempore,
1759 2374 1833 2409 quo

314 2424 448 2455 contra
486 2421 713 2456 Donat‘istas
752 2422 1000 2456 vehementer
1040 2422 1314 2458 exercebamur
1352 2426 1390 2458 et
1430 2426 1564 2458 contra
1602 2423 1835 2468 Pelayianos

314 2479 487 2513 exerceri
524 2479 601 2514 iam
641 2489 903 2524 coeperamus,
942 2480 1089 2515 amicus
1131 2481 1287 2525 quidam
1327 2481 1420 2516 mihi
1458 2481 1563 2516 misit
1604 2482 1772 2526 quinque
1812 2492 1833 2515 a

314 2535 549 2581 Carthayine
576 2537 837 2581 quaestiones.

455 2593 485 2638 ³)
514 2593 571 2629 Cf.
594 2605 630 2639 p.
655 2594 734 2639 249,
757 2594 863 2639 2ὴ3,
886 2595 1001 2630 6-12
1027 2606 1112 2632 cum
1134 2607 1171 2641 p.
1195 2596 1273 2641 238,
1296 2597 1402 2640 5-73
1428 2596 1579 2641 12--133
1603 2596 1775 2640 24-239,
1797 2595 1833 2631 5;

315 2650 394 2697 240,
424 2651 550 2687 8-14,

455 2708 486 2754 ⁴)
514 2719 551 2753 p.
578 2709 658 2755 250,
687 2710 836 2746 12-13.
1029 2711 1058 2756 ⁵)
1088 2722 1124 2756 p.
1155 2713 1231 2756 150,
1261 2712 1408 2747 14—15.

456 2767 486 2812 ⁶)
515 2767 576 2802 Ita
601 2768 717 2803 etiam
746 2768 951 2812 epistulam
981 2769 1048 2804 132
1074 2774 1113 2805 et
1141 2770 1207 2805 135
1234 2770 1469 2805 Volusianus
1498 2781 1582 2806 cum
1613 2767 1834 2806 Marcellino

320 2825 619 2860 communicavit
642 2827 690 2870 (p.
712 2823 768 2870 93,
790 2826 807 2861 1
833 2829 872 2862 et
891 2827 947 2871 94,
967 2827 1086 2871 3—5).
