2078 3054
874 153 1018 190 Index
1043 152 1089 189 V.

257 281 333 316 qua
370 280 422 314 re,
460 274 502 305 ut
539 279 586 305 eo
622 268 784 313 veniret,
824 268 867 303 A.
907 271 966 303 est

257 332 415 372 rogatus
441 327 492 361 IV
516 327 595 370 374,
622 327 653 361 2.
681 325 812 361 Severi
838 325 966 369 neptis

257 384 560 420 sanctimonialis
589 395 613 419 a
638 383 810 419 barbaris
850 383 967 418 ducta

257 453 331 487 quo
370 442 483 477 modo
522 452 606 477 cum
645 441 787 476 honore
826 450 965 485 magno

258 500 336 534 suis
372 499 596 543 parentibus
634 498 812 533 restituta
848 498 897 533 sit
931 497 966 532 II

257 557 336 602 654,
368 558 399 592 4.

212 614 545 659 Sibyllinus:
571 624 618 649 ex
643 613 822 659 Cymaeo,
848 613 886 648 id
909 616 967 648 est

257 683 304 707 ex
341 671 526 717 Sibyllino
562 671 730 706 carmine
766 681 806 706 se
842 670 967 705 fassus

257 735 313 764 est
347 729 591 764 transtulisse
624 728 818 773 Vergilius
850 728 967 763 versi-

257 787 375 831 culos,
409 797 504 832 quos
535 786 678 822 nemini
709 786 782 821 nisi
813 785 966 820 domino

257 844 409 880 Christo
443 844 570 880 dicere
605 854 727 889 genus
761 843 968 878 humanum

259 906 369 945 putat
399 902 441 937 A.
467 901 520 936 IV
547 902 625 946 609,
654 902 707 936 13.

213 959 471 995 Siccense
509 959 695 1003 oppidum
732 958 783 993 IV
820 958 899 1003 497,
937 958 967 993 6.

212 1017 430 1052 Sicilia:
489 1018 755 1061 presbyterum
802 1016 968 1050 Firmum

258 1074 514 1120 Hieronymus
548 1074 773 1109 Ravennam
807 1077 845 1109 et
881 1072 970 1108 inde

260 1133 428 1167 Africam
463 1132 707 1176 Siciliamque
741 1131 882 1166 direxit
915 1130 970 1164 111

259 1191 336 1231 638,
366 1191 418 1225 10.

214 1248 462 1283 Sidoniis
525 1258 602 1282 non
665 1246 771 1291 pacis
834 1246 969 1281 foedus

260 1306 422 1340 amicum
451 1306 591 1340 mansit
620 1305 635 1339 Ι
663 1305 719 1350 94,
748 1305 779 1339 4.

214 1363 332 1406 sign
349 1374 368 1397 a
386 1374 455 1397 re:
496 1374 589 1407 puer
627 1373 711 1397 cum
751 1362 848 1397 solvi
887 1372 971 1397 coe-

262 1421 392 1464 pisset,
458 1421 609 1464 signare
661 1431 700 1455 se
753 1420 881 1463 coepit
931 1420 968 1453 in

261 1478 397 1521 fronte,
450 1478 503 1512 ita
543 1483 584 1512 ut
625 1478 676 1511 sic
718 1477 967 1512 descenderet

260 1546 395 1569 manus
430 1535 478 1569 ad
513 1545 567 1578 os,
601 1535 703 1579 quod
740 1534 809 1569 sibi
844 1535 970 1578 cupie-

261 1593 327 1627 bat
368 1593 520 1637 signare
562 1592 617 1626 III
658 1592 736 1636 489,
777 1592 831 1626 24.
885 1601 968 1625 cum

261 1650 427 1685 edictum
472 1650 572 1695 regis
615 1649 969 1684 Nabuchodonosor

261 1719 307 1743 ex
361 1708 561 1751 scripturis
612 1707 812 1742 recitatum
865 1706 970 1741 audi-

263 1770 347 1801 rent
436 1765 577 1808 plebes,
670 1764 968 1808 respondebant:

263 1824 406 1857 ‘Amen‘
461 1828 497 1857 et
555 1823 624 1857 hoc
679 1822 781 1857 dicto
838 1832 876 1857 se
934 1822 970 1855 in

262 1886 398 1915 sancta
423 1880 678 1915 sollemnitate
706 1880 910 1925 signabant
937 1879 970 1912 Il

262 1939 340 1973 600.
369 1939 420 1973 13.

217 1996 372 2039 signa
417 1996 463 2030 de
511 1995 616 2030 caelo
664 1999 700 2030 et
748 1999 851 2029 terra
896 2004 970 2028 non

264 2053 409 2087 maiora
450 2053 491 2087 Α.
533 2058 704 2096 tempore
746 2053 832 2086 visa
871 2055 971 2095 sunt,

263 2122 375 2155 quarn
410 2121 506 2155 quae
539 2110 624 2144 visa
656 2114 744 2144 sunt
775 2114 890 2144 antea
922 2108 972 2142 IV

263 2168 342 2211 273,
368 2168 400 2202 6.

218 2225 477 2260 Silvanus
508 2236 623 2259 senex
654 2225 837 2259 ecclesiae
869 2224 973 2259 Sum-

265 2283 406 2317 mensis
460 2282 511 2316 111
551 2284 606 2326 34,
646 2283 682 2319 4:
736 2282 782 2322 cf.
824 2282 902 2324 235,
941 2282 971 2315 2.

265 2340 342 2383 663,
369 2341 400 2374 3.
428 2340 505 2384 715,
533 2341 564 2374 3.
592 2340 736 2383 primae
766 2339 868 2373 sedis
896 2338 972 2382 epi-

265 2408 403 2441 scopus
436 2398 657 2441 provinciae
688 2397 888 2431 Numidiae
920 2396 971 2429 lll

264 2455 319 2498 39,
371 2455 425 2489 ⁶20.
478 2454 655 2489 Aurelius
706 2459 745 2489 et
794 2454 972 2487 Silvanus

266 2512 571 2555 subscripserunt
633 2512 771 2546 litteris
824 2511 888 2545 128
937 2515 973 2545 et

266 2569 343 2614 129,
377 2580 472 2614 quas
504 2569 673 2603 universi
709 2569 879 2611 episcopi
915 2578 974 2601 ca-

266 2627 397 2661 tholici
437 2627 484 2662 de
522 2626 739 2661 conlatione
779 2636 862 2659 cum
902 2624 974 2658 Do-

266 2684 419 2718 natistis
468 2683 646 2718 habenda
693 2683 742 2718 ad
792 2682 974 2717 Marcelli-

268 2752 354 2783 num
390 2741 579 2776 dederunt
613 2740 664 2774 Ill
699 2740 754 2784 30,
787 2741 819 2774 3.
853 2741 907 2782 34,
943 2740 973 2773 4.

268 2800 298 2833 7.
327 2799 380 2834 39.
406 2799 460 2833 20.
489 2798 614 2833 adfuit.
640 2797 676 2831 in
702 2797 863 2831 concilio
892 2797 975 2832 Zer-

1671 140 1755 182 319

1050 267 1149 302 tensi
1185 271 1224 303 et
1260 266 1483 303 Milevitano
1520 267 1573 303 III
1613 268 1690 313 235,
1725 268 1757 303 2.

1050 325 1129 369 663,
1154 325 1190 368 3;
1218 326 1264 366 Cf·
1293 326 1370 369 715,
1396 326 1428 361 3.

1003 382 1027 414 S
1043 382 1079 416 i-l
1094 393 1118 416 v
1133 392 1156 416 a
1170 393 1194 417 n
1208 394 1233 417 u
1247 392 1281 427 s,
1331 382 1517 418 Cirtensis
1553 384 1758 427 episcopus

1051 438 1256 475 Donatista
1287 440 1321 473 II
1354 441 1409 485 99,
1441 441 1493 475 16.
1526 450 1611 476 cum
1643 441 1757 476 etiarn

1050 502 1129 532 tum
1161 497 1270 532 Pauli
1299 498 1470 542 episcopi
1502 498 1758 533 subdiaconus

1051 554 1134 599 fuit,
1163 564 1247 590 cum
1278 554 1341 590 illo
1371 555 1531 591 tradidit
1560 556 1759 600 proferens

1052 611 1306 647 instrumenta
1335 613 1528 647 dominica
1557 613 1591 647 II
1623 614 1698 657 155,
1727 614 1759 648 3.

1051 669 1110 704 hic
1174 669 1364 714 Silvanus,
1424 671 1759 706 manifestissimus

1051 727 1225 772 traditor,
1263 738 1286 762 a
1321 728 1496 762 Secundo
1532 728 1760 773 Tigisitano,

1052 785 1194 828 primae
1260 785 1361 820 sedis
1430 785 1621 831 episcopo,
1688 786 1763 830 epi-

1053 851 1191 885 scopus
1226 847 1284 877 est
1317 842 1517 878 ordinatus
1551 843 1584 877 II
1621 844 1696 887 155,
1729 845 1759 877 7.

1055 899 1106 934 16.
1133 900 1225 934 haec
1251 899 1378 934 omnia
1402 900 1659 935 Nundinarius
1683 901 1762 945 qui-

1052 956 1139 991 dam
1187 956 1373 992 diaconus
1423 957 1542 993 iratus
1592 958 1760 1001 Silvano,

1053 1014 1154 1059 quod
1178 1015 1226 1049 ab
1250 1025 1294 1050 eo
1319 1015 1434 1050 fuerit
1457 1015 1761 1050 excommunica-

1053 1075 1125 1116 tus,
1159 1072 1310 1107 iudiciis
1346 1072 1517 1116 prodidit
1550 1072 1583 1106 II
1618 1073 1673 1117 99,
1708 1073 1760 1107 16.

1055 1129 1131 1174 155,
1159 1130 1211 1164 18.

1007 1186 1300 1231 Silvester,
1331 1187 1536 1231 episcopus
1566 1187 1762 1222 Romanus

1054 1242 1090 1278 Π
1121 1244 1198 1290 154,
1227 1245 1258 1280 1.

1007 1302 1183 1341 Simon
1232 1314 1378 1348 magus,
1439 1303 1561 1348 inquit
1610 1303 1762 1337 urbicus

1054 1360 1209 1405 quidam
1239 1360 1288 1404 (II
1311 1361 1366 1403 3⁶2,
1392 1361 1446 1395 24.
1472 1361 1526 1404 37,
1553 1360 1608 1394 21.
1632 1361 1688 1404 49,
1712 1360 1760 1403 9),

1054 1418 1181 1455 fuerat
1215 1418 1357 1453 diaboli
1396 1428 1471 1452 non
1510 1418 1582 1452 uisi
1622 1418 1761 1452 ieiunio

1054 1475 1233 1511 vincendi
1263 1475 1385 1520 figura
1415 1475 1531 1519 ΙΙ.50,
1564 1476 1615 1510 10.
1645 1476 1700 1519 51,
1730 1475 1761 1509 2.

1054 1544 1215 1577 quocum
1243 1534 1303 1568 die
1330 1533 1522 1568 dominico
1548 1539 1762 1568 certaturus

1055 1590 1190 1625 Petrus
1243 1601 1326 1625 cum
1382 1591 1462 1634 ipse
1515 1595 1628 1635 atque
1681 1591 1762 1625 eius

1054 1648 1217 1683 ecclesia
1282 1648 1405 1691 pridie
1475 1648 1762 1691 ieiunavissent,

1055 1706 1196 1740 factum
1247 1716 1342 1749 esse,
1389 1711 1432 1740 ut
1480 1706 1542 1740 illo
1591 1706 1762 1741 extincto

1055 1764 1202 1799 sabbati
1241 1763 1423 1798 ieiunium
1461 1764 1688 1798 retineretur
1728 1762 1762 1796 11

1055 1821 1109 1864 50,
1132 1821 1162 1855 9.
1189 1821 1240 1856 19.
1266 1821 1320 1865 51,
1346 1821 1398 1855 18.
1422 1825 1536 1865 atque
1561 1821 1654 1856 haec
1680 1824 1762 1855 erat

1055 1879 1184 1922 opinio
1255 1879 1516 1922 plurimorum,
1588 1877 1763 1923 quamvis

1056 1947 1137 1971 eam
1194 1936 1437 1979 perhiberent
1489 1946 1572 1971 esse
1627 1935 1762 1970 falsam

1057 1994 1227 2038 plerique
1251 1993 1414 2028 Romani
1439 1993 1472 2027 ΙΙ
1498 1994 1553 2037 50,
1576 1994 1628 2027 18.
1653 1993 1763 2027 habe—

1056 2062 1138 2085 mus
1195 2052 1233 2085 in
1289 2051 1446 2086 Actibus
1500 2050 1761 2094 apostolorum

1056 2109 1245 2143 simonem
1296 2109 1470 2153 quamvis
1521 2109 1593 2142 iam
1642 2107 1763 2150 bapti-

1057 2171 1181 2201 zatum
1246 2171 1374 2201 tamen
1439 2166 1675 2200 admonitum
1742 2175 1763 2198 a

1058 2223 1181 2267 Petro,
1232 2228 1272 2258 ut
1313 2228 1445 2268 ageret.
1486 2222 1762 2267 paenitentiam

1041 2280 1107 2314 'IV
1137 2281 1216 2326 645,
1247 2282 1299 2315 15.

1011 2337 1408 2380 Simplicianus
1445 2337 1594 2372 litteras
1633 2337 1681 2372 ad
1721 2336 1763 2370 A.

1056 2396 1217 2430 dederat
1242 2396 1352 2441 eique
1381 2395 1427 2430 de
1456 2394 1634 2430 litterarii
1662 2394 1763 2429 labo-

1057 2453 1108 2487 ris
1142 2453 1397 2496 prosperitate
1433 2458 1516 2487 erat
1549 2451 1764 2497 gratulatus

1059 2510 1092 2543 II
1130 2512 1184 2554 63,
1225 2510 1259 2552 53
1301 2510 1412 2544 simul
1451 2508 1771 2554 quaestiunculas

1057 2568 1204 2612 aliquas
1235 2568 1269 2602 ei
1302 2567 1525 2602 enodandas
1559 2576 1765 2610 proposue-

1058 2629 1116 2659 rat
1154 2625 1187 2658 ΙΙ
1226 2625 1280 2668 64,
1319 2626 1349 2658 6.
1388 2625 1448 2658 cui
1486 2624 1529 2658 Α.
1567 2623 1764 2666 rescripsit

1058 2692 1116 2725 ep.
1153 2684 1197 2717 37
1238 2687 1383 2726 patrem
1422 2692 1504 2715 eum
1545 2692 1690 2715 vocans
1730 2679 1764 2713 ll

1057 2740 1112 2779 63,
1149 2741 1169 2773 3
1207 2744 1242 2774 ct
1283 2739 1427 2782 petenti
1467 2748 1608 2774 morem
1644 2737 1764 2781 gessit

1059 2807 1209 2841 rogans,
1236 2801 1272 2831 ut
1301 2797 1366 2831 eis.
1390 2806 1486 2840 quae
1511 2795 1764 2838 exposuisset,
