2078 3054
303 163 383 206 196

347 293 481 329 cianus
510 304 534 329 a
560 294 787 339 presbytero
815 303 883 329 suo
909 304 1060 330 excom-

347 352 565 387 municatus
606 351 641 386 II
679 352 758 397 632,
798 352 843 387 24
882 356 923 388 et
960 352 1059 387 alius

347 409 535 445 diaconus
576 415 612 445 et
656 409 738 453 ipse
780 420 803 444 a
843 419 912 444 suo
954 419 1059 454 pres-

345 468 480 512 bytero
518 467 874 503 excommunicatus
910 467 946 501 II
980 468 1059 512 633,

348 526 377 560 1.
419 525 482 571 q‘ui
524 525 616 561 1110111-
660 525 840 561 viventes
880 525 1059 561 ecclesia-

346 583 444 618 stica
487 583 695 628 disciplina
739 583 1058 628 corripiebantur,

345 641 377 676 si
436 642 485 677 ad
544 640 771 676 Donatistas
829 642 1057 686 transibant,

346 699 651 743 persuadebat-ur
687 699 754 743 eis,
792 703 833 734 ut
870 699 920 735 ad
953 699 1058 734 lava-

345 767 450 792 crum
475 757 638 793 alterum
664 757 843 793 venirent
866 761 993 803 atque,
1016 761 1058 792 ut

345 815 383 851 id
407 815 584 860 accipere
610 819 859 861 mererentur,
884 825 1058 861 paganos

345 884 385 909 se
415 883 499 910 esse
533 873 814 919 responderent
845 873 881 908 II
915 873 971 920 29,
1004 873 1056 908 14.

344 930 630 976 Mappalienses
663 931 883 967 timefactos
916 930 1058 976 Crispi-

344 1000 416 1025 nus
453 990 711 1034 rebapt-izavit
746 989 782 1024 II
817 990 894 1034 235,
931 990 963 1025 2.
998 999 1057 1025 ec-

344 1047 464 1083 clesia
489 1052 571 1083 toto
598 1049 689 1084 orbe
715 1047 858 1083 diffusa
884 1058 906 1083 a
930 1047 1057 1083 Dona-

343 1105 446 1142 tistis
497 1106 777 1150 rebaptizanda
829 1107 1056 1142 censebatur

344 1163 379 1198 II
414 1164 493 1210 421,
526 1165 585 1209 21;
621 1165 668 1206 cf.
702 1164 779 1209 102,
813 1164 868 1200 25.
903 1174 1057 1209 separa-

344 1227 484 1259 verunt
522 1224 570 1259 ab
607 1223 772 1259 ecclesia
810 1223 953 1271 Christi
991 1233 1057 1268 po-

345 1281 456 1325 pulos
480 1281 666 1317 habentes
693 1281 927 1326 baptismum
952 1280 1058 1317 Chri-

345 1339 395 1374 sti
422 1343 459 1375 et
485 1339 677 1383 baptismo
705 1338 848 1375 Christi
874 1349 940 1375 eos
966 1339 1057 1384 bap-

343 1397 563 1433 tizaverunt
595 1397 630 1432 II
662 1397 741 1442 596,
771 1398 803 1432 3.
835 1408 970 1433 verum
1001 1400 1057 1434 ta-

342 1465 430 1491 men
469 1455 508 1491 in
545 1455 708 1491 concilio
746 1466 770 1490 a
805 1455 987 1491 ducentis
1018 1458 1056 1491 et

342 1514 592 1559 septuaginta
630 1513 825 1558 episcopis
863 1513 1055 1549 celebrato

342 1571 610 1616 decreverunt,
648 1576 689 1607 ut
724 1571 988 1616 traditoribus,
1025 1570 1055 1606 si

341 1629 530 1673 baptizari
577 1629 735 1674 nollent,
780 1639 850 1674 pro
895 1629 1055 1675 integris

342 1687 690 1723 communicaretur
733 1687 769 1722 II
811 1688 889 1733 486,
933 1687 977 1722 20
1018 1691 1055 1723 et

343 1745 726 1790 Maximianistarum,
795 1745 1055 1781 schismatico-

342 1814 423 1839 rum
450 1814 618 1849 suorum,
643 1803 876 1848 baptismum
902 1812 1055 1847 recepe-

342 1866 431 1897 runt
458 1861 493 1896 II
524 1862 601 1907 147,
626 1862 775 1906 9—149,
802 1862 834 1897 6.
860 1861 940 1906 610,
963 1861 1055 1896 22—

341 1920 420 1965 611,
457 1920 488 1955 8.
523 1920 603 1964 612,
638 1920 811 1964 25—613,
845 1919 877 1954 6.
911 1919 964 1954 IV
1000 1919 1054 1963 15,

342 1978 489 2022 28-16,
530 1978 583 2012 15.
632 1977 773 2013 iterata
807 1977 1053 2021 baptismata,

341 2035 550 2070 exsufflata
603 2039 845 2070 sacramenta
897 2034 1054 2080 plange-

343 2093 437 2128 bant
451 2093 685 2128 catholiciet
698 2093 882 2138 lugebant
911 2092 947 2127 11
977 2092 1054 2137 106,

342 2152 384 2186 19
432 2161 556 2197 neque
606 2151 910 2196 rebaptizabant,
959 2160 1054 2196 quos

340 2220 387 2245 ex
437 2209 642 2245 haereticis
691 2209 955 2253 suscipiebant
1002 2209 1053 2243 IV

341 2267 397 2312 22,
423 2268 457 2312 9;
485 2269 531 2310 cf.
558 2268 614 2313 37,
642 2268 694 2302 14.
720 2268 775 2302 21.
802 2277 925 2313 neque
951 2266 1051 2303 enim

341 2330 585 2362 sacramenta
642 2325 923 2361 haereticorum
982 2324 1053 2360 sibi

343 2383 497 2418 inimica
519 2393 616 2429 esse,
639 2394 736 2428 quae
761 2383 799 2418 in
825 2382 901 2418 illis
924 2387 1053 2419 essent

342 2441 414 2476 sibi
439 2440 656 2476 communia
680 2440 715 2475 11
737 2440 817 2485 424,
841 2441 877 2484 93
901 2440 949 2482 cf.
974 2440 1053 2485 223,

343 2499 395 2534 10.
421 2503 571 2534 tantum
597 2498 875 2543 paenitentiam
900 2502 942 2534 ut
966 2507 1053 2543 age-

341 2563 438 2604 rent,
469 2569 509 2594 se
529 2558 738 2603 postulare
770 2557 821 2593 IV
852 2558 908 2603 37,
940 2558 984 2594 18
1016 2561 1054 2594 et

341 2619 515 2665 quisquis
554 2619 658 2663 apud
697 2629 764 2655 eos
801 2622 959 2663 propter
998 2618 1054 2654 di-

341 2679 543 2725 sciplinam
569 2689 694 2723 poena
716 2683 924 2723 teneretur,
948 2678 981 2714 si
1003 2677 1052 2714 ad

340 2740 568 2777 catholicam
607 2739 772 2775 transire
811 2738 941 2784 vellet,
978 2738 1053 2774 nisi

340 2801 378 2836 in
417 2800 632 2836 humilitate
672 2799 934 2844 paenitentiae
975 2808 1052 2834 non

340 2860 458 2903 recipi
499 2860 533 2894 H
572 2860 628 2904 29,
668 2860 721 2894 10.
759 2869 883 2905 neque
922 2863 1051 2894 tamen

970 177 1111 215 ,index
1140 177 1184 215 V.

1143 294 1327 330 honorem
1367 295 1571 333 clericatus
1607 301 1673 333 aut
1710 296 1858 342 episco-

1145 356 1258 396 patus
1292 353 1435 389 auferri
1468 354 1520 389 IV
1550 355 1605 399 38,
1639 355 1764 401 8—-41,
1797 356 1856 393 24:

1144 410 1191 451 cs.
1221 409 1256 444 II
1285 411 1365 456 224,
1396 411 1448 447 16.
1480 412 1534 446 III
1562 413 1619 459 31,
1648 413 1797 459 24-33,
1824 414 1857 449 3.

1143 478 1374 514 quamquam
1418 473 1461 504 ut
1503 470 1749 506 ordinaretur
1792 471 1857 506 ali-

1143 526 1241 571 quis,
1275 527 1339 572 qui
1368 527 1411 565 ‚in
1443 532 1554 571 parte
1590 527 1732 564 Donati
1766 529 1858 573 bap-

1143 583 1284 620 tizatus
1319 589 1433 630 esset,
1466 590 1663 622 auctorem
1697 597 1737 622 se
1772 596 1856 623 esse

1142 652 1220 677 non
1255 651 1369 686 posse
1405 642 1583 679 Possidio
1620 644 1776 689 scripsit
1812 644 1857 680 Α.

1143 699 1196 733 IV
1219 700 1299 745 583,
1325 700 1378 736 12.
1401 699 1630 738 Donatistae
1654 706 1697 738 ut
1717 702 1857 747 repeti-

1141 757 1286 794 tionem
1339 758 1522 803 baptismi
1574 759 1856 805 confirmarent,

1143 825 1346 861 perperam
1374 816 1614 863 adferebant,
1639 818 1742 864 quod
1768 823 1858 863 post

1142 873 1352 911 Iohannem
1376 874 1519 911 Paulus
1542 875 1742 920 apostolus
1765 877 1857 921 bap-

1143 931 1344 968 tizavisset
1380 932 1415 967 II
1451 933 1532 978 489,
1572 933 1722 979 9—492,
1759 934 1781 969 6
1818 937 1856 969 et

1142 989 1329 1035 Cypriani
1372 991 1581 1036 aliquando
1624 991 1855 1027 auctoritate

1143 1058 1182 1084 se
1214 1048 1315 1084 tueri
1346 1049 1586 1084 conabantur
1618 1048 1653 1083 II
1685 1049 1763 1094 620,
1796 1049 1855 1093 203

1143 1106 1189 1148 ct.
1220 1106 1300 1151 481,
1332 1106 1362 1142 1.

1188 1174 1417 1212 Donatistae
1448 1175 1625 1212 solebant
1655 1176 1856 1212 catholicis

1142 1233 1305 1279 obicere,
1332 1234 1435 1280 quod
1460 1234 1566 1279 ipsos
1592 1245 1661 1280 per
1686 1238 1856 1280 potesta-

1142 1294 1200 1327 tes
1224 1295 1397 1328 terrenas
1422 1296 1756 1338 persequerentur,
1782 1293 1856 1336 ipsi

1142 1353 1270 1386 autem
1309 1350 1409 1386 idem
1448 1349 1624 1386 fecerunt
1661 1350 1700 1386 in
1738 1350 1856 1385 Maxi-

1142 1407 1344 1444 mianistas
1375 1407 1410 1442 II
1441 1408 1519 1454 146,
1551 1408 1609 1453 183
1637 1408 1684 1450 ct.
1714 1407 1794 1454 404,
1822 1408 1854 1444 3.

1143 1465 1350 1502 traditores
1374 1470 1413 1502 et
1435 1470 1703 1511 persecutores
1726 1467 1856 1502 catho-

1140 1523 1236 1559 licos
1269 1523 1521 1569 appellabant
1552 1523 1589 1558 II
1621 1524 1677 1569 30,
1712 1523 1766 1559 16.
1800 1522 1854 1558 III

1141 1581 1221 1627 235,
1251 1582 1303 1617 13.
1331 1590 1400 1625 pro
1429 1582 1594 1618 veritate
1623 1592 1663 1617 se
1691 1583 1773 1626 pati
1800 1581 1855 1617 di-

1140 1640 1278 1675 cebant
1313 1640 1634 1685 persecutionem,
1667 1650 1752 1675 cum
1790 1649 1855 1684 pa-

1139 1701 1312 1733 terentur
1347 1697 1527 1733 catholici
1562 1697 1854 1733 Donatistarum

1140 1755 1410 1792 crudelitatem
1438 1755 1474 1790 II
1501 1756 1581 1801 417,
1610 1755 1669 1800 223
1699 1755 1746 1797 cf.
1773 1755 1852 1799 414,

1141 1813 1314 1859 22-415,
1353 1814 1384 1849 5.
1420 1814 1499 1857 420,
1537 1813 1593 1849 27.
1631 1813 1706 1858 ipsi
1743 1817 1854 1849 erant

1140 1875 1409 1915 persecutores
1440 1871 1493 1907 IV
1525 1872 1557 1917 5,
1589 1872 1644 1907 20.
1676 1881 1853 1916 persecu-

1140 1929 1284 1965 tionem
1324 1940 1364 1965 se
1400 1931 1552 1974 perpeti
1587 1929 1852 1975 gloriabantur

1141 1986 1177 2021 II
1199 1987 1279 2033 419,
1304 1987 1357 2023 19.
1381 1987 1460 2032 627,
1486 1987 1516 2022 1.
1542 1987 1594 2021 IV
1618 1987 1649 2031 8,
1674 1988 1705 2021 7.
1729 1996 1851 2032 neque

1140 2055 1233 2080 vero
1261 2054 1412 2089 semper
1439 2055 1522 2081 esse
1549 2043 1741 2080 laudabile
1770 2054 1853 2088 per-

1141 2102 1378 2138 secutionem
1404 2102 1485 2148 pati
1508 2102 1622 2138 docet
1646 2102 1689 2137 A.
1714 2101 1750 2136 II
1773 2100 1852 2145 452,

1142 2160 1196 2196 14.
1235 2159 1464 2196 Donatistae
1508 2160 1706 2196 iactabant
1746 2159 1853 2194 falla-

1140 2218 1235 2254 citer
1262 2218 1522 2254 innocentiam
1549 2228 1656 2254 suam
1685 2217 1737 2252 IV
1763 2217 1794 2262 8,
1820 2217 1851 2252 9.

1140 2279 1288 2312 tantam
1336 2276 1408 2312 sibi
1457 2276 1700 2322 adrogabant
1748 2275 1854 2309 iusti-

1139 2334 1244 2379 tiam,
1279 2338 1320 2369 ut
1354 2344 1438 2370 eam
1475 2344 1515 2370 se
1550 2334 1741 2369 iactarent
1775 2342 1851 2367 non

1140 2392 1262 2428 solum
1287 2392 1426 2428 habere
1450 2392 1517 2428 sed
1541 2392 1657 2428 etiam
1679 2391 1765 2426 aliis
1789 2390 1852 2425 110-

1139 2450 1305 2486 minibus
1343 2450 1436 2486 dare
1478 2450 1529 2484 IV
1568 2449 1624 2494 33,
1666 2449 1698 2484 9.
1739 2457 1853 2492 prop-

1139 2512 1246 2544 terea
1289 2519 1327 2544 se
1371 2508 1493 2543 iustos
1535 2518 1619 2544 esse
1661 2506 1852 2551 dicebant,

1139 2567 1230 2613 quia
1257 2566 1566 2611 persecutionem
1594 2575 1662 2610 per
1691 2565 1853 2609 impera-

1140 2629 1244 2661 tores
1285 2624 1390 2670 passi
1429 2627 1559 2660 essent
1600 2622 1636 2658 11
1676 2622 1754 2667 328,
1797 2622 1851 2658 16.

1138 2682 1193 2717 IV
1227 2683 1259 2727 8,
1295 2683 1316 2718 3
1364 2686 1480 2728 atque
1530 2681 1620 2718 inde
1650 2672 1851 2716 ‘honorem

1137 2744 1350 2786 martyrum
1382 2740 1620 2786 quaerebant
1646 2738 1682 2773 II
1710 2737 1789 2783 421,
1821 2737 1850 2773 1.

1138 2798 1192 2834 IV
1217 2799 1248 2844 8,
1277 2799 1329 2834 10.
1355 2802 1395 2833 at
1420 2802 1549 2834 tamen
1575 2796 1614 2832 in
1640 2797 1711 2832 hoc
1737 2795 1849 2831 titulo

1137 2857 1282 2901 gloriae
1316 2867 1338 2891 a
1370 2854 1666 2891 Maximianistis
1697 2864 1763 2890 eos
1797 2853 1849 2888 fa-
