2078 3054
923 133 1061 167 Index
1091 133 1134 167 V.
1721 119 1802 161 267

298 251 428 294 riente.
478 263 552 287 non
600 253 841 296 concipiente
891 257 1005 296 atque

297 314 534 353 praegnante
573 310 622 343 lV
660 311 735 353 110,
773 311 826 345 17.
862 310 938 353 111,
974 310 1005 343 4.

251 371 335 401 nat
354 378 376 401 u
393 378 409 401 r
423 378 446 402 a
466 367 569 402 nulla
590 372 646 403 est
668 373 703 403 et
724 368 880 402 omnino
902 367 1007 402 nulla

297 425 524 469 substantia,
557 437 653 470 quae
690 436 764 460 non
800 426 836 459 in
871 436 909 460 se
945 425 1007 458 ba-

297 483 384 517 beat
415 483 506 518 haec
536 483 609 517 tria
635 488 669 518 et
699 494 790 527 prae
819 493 858 518 se
886 487 1006 526 gerat,

298 541 419 583 primo
449 546 486 574 ut
519 541 577 576 sit.
608 541 747 575 deinde
777 546 815 575 ut
846 541 915 575 hoc
945 539 1005 575 vel

298 597 390 632 illud
428 598 487 641 sit,
526 598 638 633 tertio
676 603 715 633 ut
752 598 791 633 in
827 608 872 633 eo
910 598 1007 641 ipso,

296 656 396 699 quod
429 661 497 698 est.
530 661 694 699 maneat,
726 662 911 700 quantum
944 665 1007 698 po-

297 718 373 748 test
403 713 416 747 I
449 714 504 757 26,
538 714 592 748 29.
623 714 747 748 omnis
780 713 1008 756 incorporea

297 776 432 805 natura
493 771 651 814 spiritus
710 771 747 806 in
807 771 1007 814 scripturis

297 828 515 871 appellatur
556 828 606 862 IV
646 829 724 864 544.
764 830 795 863 4.
847 834 1007 863 naturae

299 886 534 928 possibilitas
560 886 596 921 in
624 886 772 921 haeresi
799 886 1007 931 l'elagiana

299 943 350 976 Ill
394 944 471 981 660.
519 944 571 978 11.
615 944 693 987 678,
739 943 884 978 10-16.
929 943 1007 986 679,

300 1001 444 1036 11-18.
476 1002 554 1045 683,
571 1002 694 1036 7—13.
726 1001 804 1037 690,
820 1001 850 1035 2.
883 1001 1008 1044 691,4.

252 1057 281 1091 N
298 1069 320 1092 a
335 1069 358 1092 u
373 1070 391 1092 e
408 1058 452 1094 el
468 1059 479 1092 l
496 1059 504 1093 i
520 1069 541 1092 o
580 1059 783 1093 Donatista
820 1059 1009 1102 interpres

297 1121 380 1151 erat
441 1116 539 1151 inter
601 1117 824 1160 episcopum
887 1116 1008 1160 ipsius

298 1174 532 1209 t'larentium
563 1180 600 1209 et
630 1175 671 1209 A.
702 1175 738 1209 in
768 1185 885 1209 eausa
914 1174 1008 1209 Feli-

299 1232 400 1267 ciani
442 1232 655 1267 Mustitani:
699 1233 746 1267 ad
791 1243 875 1267 eum
917 1232 1008 1267 data

299 1295 355 1324 est
389 1299 447 1333 ep.
477 1291 530 1324 70.

254 1347 282 1380 N
301 1349 520 1383 azaraei
549 1348 612 1392 qui
642 1358 680 1382 se
708 1348 779 1382 deo
808 1352 1008 1384 voverant.

300 1405 404 1438 iuxta
458 1410 665 1448 praecepta
719 1405 841 1450 Moysi
893 1410 1006 1449 eaput

300 1463 458 1497 tondere
500 1468 731 1498 consuerunt
785 1463 819 1497 II
860 1463 935 1498 298.
977 1464 1007 1497 6.

300 1519 470 1555 Minaeos
505 1520 621 1565 vulgo
660 1520 878 1556 Nazaraeos
918 1532 1009 1555 nun-

299 1579 489 1621 cupabant
537 1578 570 1612 ΙΙ
614 1579 692 1615 303.
738 1579 790 1613 15.
831 1579 909 1622 366,
956 1579 1008 1613 17.

305 1645 334 1669 r.
366 1635 515 1671 Minaei.

255 1695 568 1732 Nebridius.
600 1696 641 1730 A.
671 1697 719 1730 al»
746 1696 1009 1730 adulescentia

300 1753 455 1789 amit-us.
494 1754 542 1788 ad
581 1765 691 1798 quem
730 1755 776 1787 ab
814 1755 856 1788 A.
895 1754 1008 1788 datae

302 1815 386 1844 sunt
422 1821 507 1854 epp.
543 1812 574 1845 3.
611 1812 641 1846 4.
678 1813 706 1845 7.
743 1812 853 1846 9-14
891 1817 925 1845 et
963 1812 1010 1845 ab

303 1869 384 1910 ipso
423 1869 469 1903 ad
510 1869 551 1903 A.
588 1869 618 1902 5.
656 1870 686 1903 6.
723 1869 753 1903 8.
792 1876 894 1904 tot·e
932 1869 1009 1903 fere

302 1931 386 1960 sunt
427 1926 472 1960 ‹le
510 1926 767 1969 philosophia:
807 1927 1010 1961 Nebridius

302 1983 400 2018 enim
454 1990 535 2018 erat
589 1995 713 2018 rerum
764 1985 1008 2019 obscurarum

303 2042 349 2074 :nl
393 2041 605 2076 doctrinam
651 2042 806 2085 pietatis
849 2043 1010 2076 maxim«=

304 2099 574 2141 pertinentium
618 2099 935 2143 diligentissimus
975 2104 1009 2134 et

303 2156 510 2190 acerrimus
550 2157 762 2201 inquisitor.
800 2158 861 2202 qui
901 2158 1012 2191 valde

304 2213 432 2247 oderat
492 2214 538 2247 ‹le
594 2215 818 2259 quaestione
875 2226 1011 2258 mag-vna

303 2272 590 2314 responsionem
627 2273 777 2306 brevem
814 2280 844 2306 et
884 2284 1012 2309 aeger-

305 2328 396 2363 rime
427 2329 582 2363 ferebat.
614 2329 785 2374 quisquis
818 2330 852 2364 id
883 2341 1011 2373 pose-u

305 2387 363 2420 bat
409 2386 439 2419 ll
477 2387 555 2421 525³.
594 2388 642 2420 12.
690 2387 877 2430 epistulae
914 2387 1012 2421 ultro

305 2443 475 2487 vitroque
515 2445 652 2478 missae
692 2453 796 2478 erant
840 2445 1013 2489 frequen-

307 2501 488 2536 tissimae.
550 2502 597 2534 itti
649 2509 699 2535 nt.
760 2513 856 2545 «luae
906 2502 1013 2535 nobis·

307 2558 467 2592 traditae
507 2566 604 2592 sunt.
645 2570 852 2603 perparvus
889 2564 1034 2593 earum:

309 2626 485 2649 numerus
525 2629 608 2648 ess«-
647 2616 823 2651 vide:1tur
864 2617 874 2650 l
913 2617 944 2651 5.
984 2618 1035 2651 8.v

308 2675 338 2706 τι.
372 2674 424 2706 32.
460 2675 513 2707 20.
545 2674 574 2706 Γ).
610 2674 662 2707 22.
698 2674 751 2707 Ξῖ).
787 2675 840 2710 ·.’.'›.
875 2674 926 2708 11.
962 2675 1014 2709 15.

308 2731 361 2764 21¹.
398 2733 428 2764 33.
465 2731 518 2764 532.
558 2732 587 2764 ἶ.
624 2731 850 2765 :ululesvens
886 2733 933 2766 al)
973 2732 1035 2770 ,Χ

308 2787 426 2822 inulta
465 2789 498 2821 in
537 2789 773 2823 sermonibus
809 2790 1037 2839 quaerebatl

1092 247 1140 282 ab
1172 247 1297 281 otioso
1330 247 1477 282 otiosus
1512 247 1544 281 ΙΙ
1576 248 1653 284 530.
1687 249 1721 283 4:
1756 248 1802 289 cf.

1093 304 1108 338 Ι
1144 305 1199 347 25,
1235 305 1287 339 16.
1324 305 1366 339 A.
1402 305 1590 348 epistulae
1629 306 1664 340 ei
1699 305 1802 340 ‘shri-

1094 366 1203 397 stum.
1237 362 1444 406 Platonem,
1477 362 1664 397 Plotinum
1698 374 1806 397 sona-

1093 420 1184 454 bant
1211 420 1225 453 1
1254 420 1306 464 12,
1334 420 1363 454 1.
1390 421 1570 455 servabat
1596 420 1712 465 igitur
1739 431 1803 455 eas

1094 482 1133 512 ut
1160 477 1292 512 oculos
1320 488 1409 512 suos
1437 477 1452 512 I
1483 478 1535 521 11,
1563 478 1617 512 21.
1647 478 1804 513 Cartha-

1094 536 1173 579 gini
1200 535 1261 570 vel
1288 536 1365 570 ruri
1389 535 1546 571 vivebat
1572 546 1656 570 cum
1684 542 1803 571 matre

1094 598 1128 627 et
1159 593 1275 628 fratre
1303 593 1458 628 Victore
1486 593 1501 627 Ι
1530 594 1582 635 11,
1612 594 1664 628 16.
1693 594 1747 637 23,
1773 594 1804 628 4.

1095 651 1125 685 8.
1152 651 1207 696 24,
1235 651 1289 685 28.
1316 651 1370 694 25,
1399 651 1428 686 1.
1457 651 1494 686 in
1520 656 1682 696 utroque
1707 651 1805 686 desi-

1095 709 1239 743 derium
1279 720 1356 743 una
1394 709 1553 744 vivendi
1588 720 1672 744 cum
1712 709 1805 744 exti-

1095 766 1206 801 tisset
1242 766 1257 799 I
1293 766 1347 802 20.
1383 768 1416 810 3,
1455 767 1496 801 Α.
1531 776 1591 811 ep.
1629 767 1673 801 10
1709 767 1804 801 hanc

1094 823 1171 859 rem
1219 823 1456 859 deliberabat
1499 830 1535 860 et
1583 824 1805 859 Nebridium

1095 881 1332 926 hortabatur,
1373 886 1413 917 ut
1454 883 1535 926 ipse
1576 893 1726 928 quoque
1769 882 1806 917 in

1095 950 1294 974 commune
1331 940 1558 982 consuleret,
1594 951 1668 985 quo
1702 941 1807 975 vive-

1097 1002 1181 1032 rent
1207 997 1317 1032 simul
1344 997 1360 1031 Ι
1384 998 1439 1041 24.
1466 998 1523 1032 27:
1551 998 1597 1039 cf.
1623 998 1678 1041 25,
1704 999 1736 1033 6.

1051 1058 1345 1093 Nectarius
1382 1059 1419 1094 in
1455 1059 1671 1094 Calamensi
1709 1059 1807 1093 colo-

1097 1116 1159 1151 nia
1187 1116 1339 1161 genitus
1371 1127 1507 1154 maffna
1539 1117 1572 1150 ei
1603 1116 1810 1150 contulisse

1097 1174 1167 1209 sibi
1197 1174 1401 1209 videbatur
1429 1174 1558 1208 officia
1584 1174 1617 1207 II
1646 1174 1725 1217 426,
1755 1174 1807 1208 11.

1098 1232 1159 1267 ubi
1201 1242 1285 1267 cum
1327 1233 1469 1276 pagani
1511 1232 1807 1267 sollemnitatem

1096 1290 1289 1333 agitantes
1344 1290 1595 1334 gravissimas
1649 1289 1808 1324 iniurias

1096 1348 1324 1382 christianis
1360 1347 1577 1382 intulissent
1614 1352 1651 1382 et
1685 1352 1808 1382 metus

1096 1407 1215 1449 esset-J
1241 1416 1288 1440 ne
1318 1415 1480 1449 poenam
1514 1405 1721 1440 sceleribus
1754 1405 1808 1439 (li-

1096 1474 1210 1507 gnam
1240 1463 1422 1498 subirent.
1449 1463 1651 1497 Nectarius
1679 1473 1737 1507 ep.
1765 1463 1808 1497 90

1097 1521 1145 1555 ad
1186 1521 1228 1555 A.
1268 1521 1383 1564 misit,
1425 1532 1499 1565 quo
1540 1521 1688 1556 civibus
1730 1521 1807 1555 suis

1096 1579 1246 1614 veniam
1285 1579 1510 1622 impetraret
1542 1578 1808 1623 suppliciaque

1096 1637 1379 1680 deprecaretur.
1405 1637 1447 1671 A.
1464 1637 1661 1680 respondit
1680 1646 1738 1680 ep.
1753 1637 1808 1671 91.

1100 1699 1183 1737 post
1241 1705 1390 1728 menses
1447 1694 1564 1729 ferme
1620 1699 1706 1728 oeto
1765 1694 1806 1728 A.

1097 1753 1243 1795 accepit
1280 1752 1438 1787 alteram
1475 1751 1630 1787 Nectari
1666 1752 1809 1795 epistu-

1098 1810 1171 1845 lam
1205 1811 1278 1855 (ep.
1310 1811 1404 1853 103),
1434 1821 1507 1855 qua
1536 1811 1670 1845 iterum
1701 1820 1809 1854 roga-

1098 1869 1219 1911 batur,
1253 1873 1291 1902 ut
1322 1879 1368 1903 ex
1399 1869 1625 1903 nocentibus
1656 1872 1690 1902 et
1723 1878 1809 1902 eon-

1098 1926 1210 1961 fessis
1239 1926 1473 1969 ignoscendo
1503 1926 1631 1969 potius
1657 1926 1807 1960 laudem

1097 1995 1209 2028 quam
1265 1984 1500 2019 vindicando
1555 1983 1808 2027 conquireret.

1100 2042 1323 2076 innoeentes
1353 2042 1575 2076 defenderet
1609 2046 1643 2075 et
1676 2041 1809 2075 libera-

1100 2104 1153 2134 ret
1203 2099 1235 2133 ΙΙ
1283 2100 1361 2144 581,
1407 2100 1459 2133 16.
1520 2099 1563 2133 A.
1613 2098 1808 2141 rescripsit

1099 2167 1158 2201 ep.
1187 2158 1261 2192 104.
1288 2156 1490 2192 Nectarius
1518 2161 1703 2200 provecta
1728 2161 1809 2191 erat

1100 2220 1226 2249 aetate
1253 2215 1283 2248 ΙΙ
1307 2215 1385 2251 427.
1409 2215 1462 2249 11.
1486 2215 1565 2258 431,
1592 2216 1610 2248 7
1634 2219 1669 2249 ct
1694 2214 1807 2247 etiam

1101 2278 1178 2307 tum
1211 2284 1385 2316 paganus
1416 2272 1450 2306 II
1479 2272 1557 2308 427.
1590 2272 1642 2306 18.
1672 2271 1750 2307 428.
1781 2272 1809 2305 1.

1099 2331 1180 2365 eius
1236 2335 1345 2374 pater
1399 2334 1525 2365 autem
1570 2329 1810 2364 Christianus

1101 2388 1224 2422 faetus
1262 2389 1479 2422 decesserat
1519 2398 1640 2432 neque
1677 2387 1811 2430 despe-

1102 2446 1261 2480 randum
1290 2456 1373 2481 esse
1401 2445 1547 2480 censuit
1579 2445 1621 2479 A.
1651 2444 1742 2481 fore.
1770 2448 1811 2478 ut

1102 2504 1201 2538 tilius
1259 2514 1409 2548 quoque
1469 2503 1515 2538 de
1572 2502 1812 2547 adquirenda

1102 2571 1269 2605 superna
1298 2561 1425 2605 patria
1454 2561 1639 2602 cogitaret
1670 2560 1703 2593 Π
1733 2560 1810 2594 428.

1104 2620 1132 2653 1.
1168 2619 1282 2653 tilium
1318 2619 1477 2653 habebat
1514 2617 1664 2652 nomine
1699 2618 1811 2651 Para-

1103 2676 1244 2711 ‹loxum
1286 2676 1319 2709 ΙΙ
1363 2676 1439 2715 Ἷο3,
1479 2676 1509 2709 8.
1552 2676 1647 2710 idem
1693 2675 1809 2709 fuisse

1103 2734 1254 2768 videtur
1302 2733 1363 2768 ille
1410 2732 1622 2768 'Nectarius
1669 2731 1811 2767 maior‘.

1103 2792 1166 2837 qui
1212 2791 1253 2826 Λ.
1301 2794 1458 2835 propter
1504 2790 1699 2835 negotium
1746 2790 1793 2824 ali
