2078 3054
944 147 1087 184 Index
1111 146 1156 183 V.
1741 135 1821 176 277

322 266 352 299 si
381 264 445 298 ‹liu
475 263 534 298 hie
561 263 748 305 viverent,
776 261 922 308 gesturi
951 261 1030 296 fue-

321 326 421 357 rant:
455 324 657 366 gesserunt
691 324 818 355 autem
853 329 928 354 non
963 327 1030 362 per

323 390 361 414 se
406 379 510 422 ipsos
554 378 620 413 sed
664 388 730 421 per
773 387 850 419 eos,
893 376 1029 421 quibus

322 446 389 479 pro
427 436 502 470 illis
538 434 860 478 respondentibus
898 440 936 469 et
976 444 1030 468 re-

322 494 496 528 nuntiare
551 492 704 528 diabolo
759 492 939 526 dicuntur
993 494 1030 524 et

321 551 476 586 credere
503 551 541 585 in
567 550 679 585 deum
709 549 760 583 IV
787 549 865 592 415,
895 549 947 583 11.
974 548 1029 582 20.

322 609 379 646 26:
407 609 453 650 cf.
483 609 557 652 170,
587 607 640 641 12.

368 670 502 705 Nullus
542 669 726 714 parvulus
763 667 836 702 nisi
874 669 1030 701 renatus

322 739 367 763 ex
398 739 498 773 aqua
527 732 562 762 et
594 726 731 770 spiritu
761 727 879 761 intrat
908 723 945 758 in
975 732 1030 757 re-

321 797 436 831 gnum
475 784 665 820 caelorum
703 783 754 817 IV
789 782 868 825 201,
905 781 937 815 3.
977 780 1030 813 10.

321 843 470 887 parvuli
517 852 584 886 per
628 841 786 876 liberum
831 838 1029 874 arbitrium

323 912 443 946 neque
486 910 648 943 poenam
691 897 827 933 mereri
867 898 1029 940 possunt

322 969 443 1003 neque
471 957 633 1002 gratiam
667 955 716 990 IV
747 955 802 999 55,
831 954 862 988 2.
892 962 1050 1004 parvm}

321 1017 377 1051 los
440 1020 619 1050 aeternae
685 1013 788 1047 vitae
850 1008 1050 1060 praemiis}

321 1075 435 1110 etiam
485 1073 565 1107 sine
613 1069 857 1115 baptismatis
905 1063 1051 1114 gratia}>

322 1142 433 1175 posse
466 1131 602 1166 donari
636 1128 854 1173 perfatuum
886 1131 944 1161 est
977 1117 1051 1159 11Ιῖ

322 1190 398 1229 720,
434 1190 455 1223 6
490 1188 667 1232 (innoc.)
717 1184 900 1229 parvulos
936 1164 1051 1234 deus}

324 1248 401 1292 ipse
429 1245 621 1287 discernit
649 1254 743 1288 quos
771 1242 906 1277 merita
931 1239 1051 1274 nulla

323 1305 545 1339 discernunt
573 1302 623 1336 IV
653 1302 708 1344 55,
736 1301 791 1343 113
821 1300 866 1340 cf.
894 1299 949 1336 66,
976 1298 1052 1353 23.ι

322 1361 499 1406 originali
540 1360 680 1395 delicto
721 1357 907 1392 obnoxios
947 1358 1051 1399 par-'

322 1420 431 1454 vulos
464 1418 570 1453 nasci
600 1422 636 1452 et
668 1415 792 1451 omnis
823 1413 945 1449 credit
975 1422 1032 1447 ec-

322 1478 438 1513 clesia
473 1482 508 1511 et
544 1475 800 1518 Hieronymus
837 1472 910 1506 iam
945 1468 1052 1523 con-l

322 1542 382 1570 tra
407 1534 647 1569 Iovinianum
676 1531 879 1575 disputans
906 1533 942 1564 et
969 1526 1053 1603 ew*

324 1603 469 1637 ponens
512 1591 642 1625 Ionam
688 1589 914 1633 prophetam
958 1585 1053 1654 fide.

335 1650 583 1685 veracissima
611 1648 786 1683 definivit
817 1646 870 1679 ΙΙΙ
901 1645 978 1683 577,
1009 1642 1053 1698 1:1

323 1709 368 1748 cf.
395 1709 473 1751 554,
501 1706 670 1747 16-555,
696 1705 727 1739 8.
754 1703 906 1748 parvuli
930 1699 1053 1754 quod}

324 1767 359 1801 in
399 1767 481 1809 ipso
516 1764 708 1807 baptismo
745 1762 915 1804 vocibus,
953 1756 1053 1804 qui-l

323 1825 390 1858 bus
429 1826 601 1867 possunt.
639 1825 673 1855 et
712 1820 877 1854 motibus
914 1811 1053 1873 reluc-!

323 1886 463 1918 tantur
497 1890 573 1915 non
603 1879 658 1914 eis
689 1878 887 1921 inputatur
918 1879 1053 1924 atque*

323 1939 446 1973 omnis
501 1937 649 1972 renisus
703 1936 871 1979 ipsorum
925 1926 1053 1978 nihili}

324 1996 514 2040 penditur
560 1995 651 2040 quia
695 1994 731 2028 in
777 1996 925 2027 tantum
971 2000 1034 2025 ne-

324 2054 461 2093 sciunt,
492 2052 592 2098 quod
624 2051 782 2088 faciunt.
810 2054 848 2084 ut
881 2059 948 2084 nec
980 2048 1033 2082 fa-

324 2122 408 2147 cere
454 2110 669 2145 iudicentur
713 2108 764 2141 IV
812 2108 887 2150 103,
931 2106 1054 2140 2—8.

323 2168 475 2212 parvuli
510 2178 662 2202 carnem
698 2165 839 2200 Christi
876 2163 1033 2199 mandu-

325 2237 411 2261 care
439 2229 475 2260 et
502 2224 725 2269 sanguinem
752 2222 878 2257 bibere
907 2221 1036 2255 dicun-

326 2288 386 2317 tur
410 2283 460 2317 IV
483 2283 561 2325 415,
584 2282 639 2316 23.
663 2280 814 2324 parvuli
837 2280 909 2314 nisi
930 2289 1033 2313 man-

324 2340 550 2375 ducaverint
584 2349 736 2373 carnem
771 2338 837 2373 tilii
871 2335 1054 2380 hominis¹

325 2404 359 2433 ct
391 2398 551 2432 biberint
582 2396 806 2441 sanguinem
835 2395 928 2431 eius.
957 2402 1054 2447 non}

326 2456 515 2489 habebunt
553 2455 671 2488 vitam
710 2454 746 2487 in
784 2457 901 2488 semet
940 2451 1034 2494 ipsis

326 2512 493 2553 (Innoc.)
522 2511 572 2545 III
600 2511 679 2546 720.
706 2512 740 2551 8:
770 2511 816 2551 cs.
845 2510 895 2543 IV
921 2510 976 2544 68.
1005 2510 1036 2543 7.

326 2570 379 2604 20.
422 2569 572 2612 parvuli
614 2579 688 2613 quo
730 2568 843 2602 modo
885 2567 923 2601 in
964 2567 1033 2600 hac

326 2627 405 2661 vita
448 2626 612 2666 dolores,
655 2626 818 2667 morbos,
862 2624 937 2659 alia
981 2624 1034 2657 in-

326 2684 526 2719 commoda
572 2683 653 2718 sine
698 2682 777 2717 ulla
821 2692 888 2717 sua
934 2681 1035 2716 mala

326 2752 444 2776 causa
476 2741 574 2776 iuste
605 2740 813 2784 patiantur,
847 2740 889 2774 A.
921 2739 1034 2774 inter-

328 2803 438 2844 rogat
478 2797 752 2843 Hieronymum
792 2796 845 2831 III
884 2797 962 2841 569,
1002 2797 1056 2839 4.j

1114 262 1205 307 quid
1235 262 1282 298 de
1311 263 1495 308 parvulis,
1525 263 1588 308 qui
1617 268 1706 299 ante
1733 264 1824 308 bap-

1119 320 1271 355 tismum
1328 321 1389 355 vel
1445 325 1544 365 post,
1598 321 1819 366 priusquam

1116 378 1308 421 potuerint
1353 378 1478 413 facere
1519 378 1580 413 vel
1624 379 1719 414 bene
1763 378 1824 414 vel

1116 436 1223 478 male,
1252 435 1474 472 moriuntur.
1505 436 1734 470 credendum
1765 436 1827 472 sit:

1114 503 1163 527 an
1197 503 1348 527 carnem
1382 503 1512 528 eorum
1546 504 1622 528 non
1655 504 1738 529 esse
1770 504 1825 529 re-

1116 550 1395 585 surrecturam?
1419 550 1472 584 IlI
1497 552 1575 594 577,
1600 551 1768 595 16—579,
1793 552 1824 586 4.

1067 610 1396 646 Pascentius
1425 621 1564 655 comes,
1580 611 1828 655 Arrianus,A.

1116 669 1163 703 ad
1186 669 1487 713 disputationem
1512 669 1741 713 provocavit
1763 680 1825 704 ne-

1117 737 1188 770 que
1217 727 1409 761 recusavit
1439 727 1481 761 A.
1511 727 1562 761 IV
1587 727 1667 769 533,
1696 726 1727 761 2.
1755 727 1828 761 dis-

1116 784 1305 828 putationi
1338 785 1451 819 etiam
1485 785 1693 819 honoratos
1723 784 1828 819 viros

1116 842 1300 877 interesse
1335 842 1561 877 Pascentius
1595 841 1742 885 cupivit
1775 841 1826 875 IV

1117 900 1194 944 539,
1237 900 1288 934 13.
1329 900 1405 942 558,
1447 900 1499 934 11.
1539 910 1622 934 cum
1665 904 1824 944 uterque

1117 957 1227 992 fidem
1265 968 1370 992 suam
1408 958 1564 1002 diceret,
1600 957 1826 992 Pascentius

1116 1016 1252 1059 quibus
1287 1015 1414 1050 verbis
1450 1015 1562 1050 fidem
1598 1025 1704 1050 suam
1742 1024 1827 1059 pro-

1117 1073 1322 1117 nuntiavit,
1352 1073 1529 1117 quotiens
1559 1083 1604 1107 ea
1633 1072 1827 1116 repetivit,

1118 1131 1259 1165 totiens
1280 1130 1449 1165 variavit
1471 1130 1521 1164 IV
1543 1131 1621 1169 534,
1642 1131 1673 1165 9.
1697 1130 1826 1174 itaque

1117 1188 1309 1231 convenit,
1353 1193 1394 1223 ut
1437 1198 1459 1222 a
1504 1188 1664 1222 notariis
1709 1188 1827 1222 verba

1116 1246 1397 1290 exciperentur,
1444 1246 1521 1285 sed,
1568 1246 1669 1290 quod
1716 1255 1827 1280 mane

1117 1304 1325 1348 placuerat,
1373 1308 1463 1347 post
1508 1303 1711 1347 prandium
1760 1303 1828 1337 Pa-

1118 1362 1264 1396 scentio
1295 1361 1492 1404 displicuit
1523 1361 1574 1394 IV
1603 1361 1681 1403 533,
1710 1361 1742 1395 6.
1775 1361 1827 1395 13.

1117 1420 1200 1462 537,
1229 1420 1280 1453 10.
1312 1419 1390 1462 538,
1421 1419 1452 1453 6.
1483 1419 1562 1462 553,
1594 1419 1646 1453 19.
1677 1418 1754 1461 560,
1786 1418 1828 1452 16

1117 1482 1152 1511 et
1198 1476 1427 1511 calumniam
1475 1476 1545 1511 sibi
1592 1476 1720 1520 parari
1766 1486 1828 1511 ex-

1118 1534 1299 1569 clamavit
1327 1535 1404 1578 537,
1433 1534 1487 1568 20.
1516 1534 1594 1577 539,
1611 1534 1781 1577 10—540,
1795 1534 1827 1568 3.

1118 1593 1195 1636 557,
1232 1592 1286 1627 23.
1324 1602 1408 1626 cum
1445 1591 1672 1626 Pascentius
1710 1591 1752 1626 A.
1789 1602 1827 1625 se

1118 1650 1257 1686 vicisse
1306 1649 1535 1694 gloriaretur
1583 1649 1634 1682 IV
1683 1649 1760 1691 554,
1808 1649 1827 1682 4

1118 1718 1241 1752 neque
1317 1707 1519 1742 desisteret
1595 1707 1827 1751 contendere

1119 1765 1222 1799 illum
1254 1775 1330 1799 non
1357 1765 1475 1799 fuisse
1506 1775 1638 1799 ausum
1673 1765 1745 1808 ipsi
1775 1764 1828 1798 ‹li-

1119 1832 1203 1857 cere
1232 1822 1343 1857 fidem
1370 1833 1488 1865 suam,
1515 1822 1570 1865 A.,
1597 1832 1643 1857 ne
1672 1822 1708 1856 id
1735 1822 1828 1856 ulte-

1119 1881 1197 1914 rius
1223 1880 1379 1923 diceret,
1405 1890 1463 1924 ep.
1490 1880 1557 1914 238
1581 1879 1629 1914 ad
1656 1890 1744 1914 eum
1767 1879 1828 1913 ‹le-

1119 1938 1174 1972 dit
1212 1938 1262 1971 IV
1297 1938 1374 1981 533,
1412 1938 1442 1972 7.
1479 1938 1557 1976 539,
1595 1938 1625 1971 8.
1659 1937 1736 1974 556.
1776 1937 1828 1971 18.

1118 1996 1197 2039 558,
1231 1996 1263 2030 4.
1299 1995 1458 2030 alteram
1496 2005 1645 2040 quoque
1682 1994 1828 2029 brevio-

1119 2063 1195 2088 rem
1257 2053 1462 2096 epistulam
1526 2058 1598 2098 (ep.
1635 2053 1718 2095 239)
1781 2051 1827 2085 ad

1119 2111 1280 2145 eundem
1346 2110 1510 2153 scripsit,
1577 2120 1651 2155 qua
1717 2109 1827 2144 tidem

1120 2179 1225 2203 suam
1287 2169 1324 2202 in
1385 2167 1581 2210 superiore
1642 2167 1829 2211 prolixius

1119 2226 1334 2268 expositam
1382 2225 1536 2259 brevius
1584 2224 1829 2268 comprehen-

1120 2283 1236 2317 debat
1272 2283 1323 2316 IV
1359 2283 1439 2325 558,
1477 2282 1530 2316 15.
1567 2282 1646 2317 559.
1684 2282 1715 2316 2.
1752 2282 1831 2315 561.

1119 2341 1150 2374 8.
1205 2344 1284 2374 tum
1340 2340 1563 2374 Pascentius
1618 2339 1832 2383 petulanter

1121 2397 1316 2441 respondit
1372 2407 1428 2441 ep.
1486 2396 1563 2430 240.
1620 2396 1675 2438 A.,
1731 2395 1830 2439 quod

1119 2453 1291 2490 decebat.
1356 2453 1552 2498 rescripsit
1616 2463 1673 2497 ep.
1738 2452 1830 2486 241:

1121 2512 1303 2546 reiciebat
1337 2511 1418 2546 eius
1453 2510 1629 2545 convicia
1665 2510 1714 2543 lv
1750 2510 1828 2546 560,

1122 2569 1161 2602 11
1190 2572 1442 2613 paratumque
1474 2578 1512 2603 se
1542 2568 1690 2603 dicebat
1723 2577 1828 2610 prae-

1121 2629 1265 2661 sentem
1296 2636 1380 2660 cum
1412 2628 1611 2669 praesente
1643 2624 1832 2668 conloqui.

1122 2683 1151 2717 si
1190 2683 1302 2718 modo
1340 2682 1519 2717 dictaturi
1559 2685 1697 2724 essent,
1736 2691 1831 2725 quae

1121 2744 1249 2775 essent
1292 2740 1431 2775 dicturi
1473 2739 1525 2773 IV
1566 2739 1645 2779 562,
1686 2740 1717 2773 8.
1761 2738 1828 2772 Pa-

1120 2797 1289 2833 scentius
1325 2797 1558 2832 Auxentium
1595 2806 1671 2831 non
1707 2805 1828 2840 parva
