2078 3054
298 150 379 191 120
972 163 1114 199 Index
1138 165 1181 199 V.

341 278 550 313 secundum
578 282 706 314 autem
732 280 955 323 mysterium
983 280 1056 325 spi-

340 335 436 371 ritus
473 336 524 371 ad
561 335 712 371 Sarram
752 337 969 380 Christiani,
1007 338 1055 373 ad

344 393 449 439 Agar
463 393 596 429 Iudaei
609 393 661 428 IV
677 394 755 438 227,
770 395 806 438 83
828 395 875 436 cf.
897 394 976 439 226,
997 395 1053 430 21.

293 456 527 502 Agetica
562 462 768 503 praecepta
801 469 837 493 v.
872 458 1056 504 Tagetica

340 519 558 560 praecepta.

294 572 478 618 Agilis
515 580 553 609 et
592 574 788 610 Romanus
828 586 852 610 a
891 575 1053 610 Paulino

340 631 389 666 ad
412 631 456 665 A.
478 631 584 667 missi
607 632 717 677 eique
739 633 944 678 praecipue
967 637 1056 669 sunt

340 689 598 725 commendati
625 689 641 724 Ι
659 690 734 733 125,
749 691 785 734 2;
815 692 861 732 cf.
877 691 912 726 II
929 691 1006 737 122,
1021 692 1052 727 6.

1137 279 1307 315 salutant
1329 281 1510 326 Alypium
1532 287 1570 317 et
1593 283 1848 328 Augustinum

1137 337 1189 372 IV
1217 338 1297 381 301,
1328 339 1360 373 7.
1392 349 1426 375 v.
1457 339 1652 376 Pinianus.

1087 402 1140 437 Al
1155 401 1178 436 b
1192 402 1203 437 i
1217 412 1242 436 n
1257 413 1280 438 u
1297 413 1325 448 S,
1345 404 1531 440 ecclesiae
1550 405 1746 441 Romanae
1764 416 1850 441 aco-

1136 461 1265 505 lithus,
1311 462 1495 507 epistulas
1543 463 1725 500 191--193
1771 475 1852 509 per-

1137 520 1315 555 ferendas
1345 521 1494 566 accepit
1523 521 1575 556 IV
1606 522 1683 566 163,
1711 523 1743 557 6.
1774 522 1851 563 166,

1138 578 1168 613 1.
1199 578 1277 622 168,
1308 579 1362 613 11.
1394 579 1472 623 176,
1502 579 1535 614 5.

1087 641 1146 677 Al
1161 651 1180 676 e
1195 652 1219 675 x
1233 652 1256 676 a
1269 651 1294 676 n
1309 641 1332 676 d
1348 651 1367 676 e
1383 653 1411 686 r,
1431 643 1635 687 episcopus
1655 643 1851 679 Romanus

1137 700 1172 735 II
1202 701 1279 745 153,
1311 701 1365 736 15.

338 756 414 791 qua
446 757 485 783 re
517 748 561 782 A.
596 757 680 783 cum
713 759 852 794 magna
883 748 1055 785 iucundi·
1094 766 1418 809 Alexander,
1461 768 1574 801 vetus
1617 765 1846 807 haereticus,

338 807 419 840 tate
463 815 529 841 eos
574 807 821 851 suscepitII
863 807 897 851 2,
938 808 971 842 6.
1017 808 1054 843 in

339 863 504 908 epistula
536 864 580 899 42
615 868 766 915 praeter
798 870 947 902 ceteros
981 867 1054 902 fra-

1126 823 1430 864 ,commentarios
1475 823 1513 858 in
1557 823 1761 868 epistulam
1803 823 1851 858 ad

1138 882 1296 925 Galatas
1321 881 1473 927 reliquit
1497 881 1532 916 II
1556 882 1635 925 286,
1658 882 1691 917 9.
1714 881 1794 925 376,
1818 881 1850 915 2.

338 924 416 957 tres
449 922 611 957 maxime
645 923 859 959 Romanum
893 927 931 960 et
965 924 1054 970 Agi-
1090 945 1429 982 Alexandria
1462 946 1515 980 IV
1547 945 1628 990 489,
1661 946 1694 981 7·

338 980 410 1015 lem
440 980 625 1016 salutavit
655 982 689 1016 II
719 983 775 1024 84,
806 983 859 1018 18.

291 1043 552 1089 Aginesis
581 1050 688 1081 actor
716 1046 768 1081 IV
793 1047 873 1091 588,
900 1047 932 1082 2.
959 1048 991 1083 6.
1019 1048 1052 1083 8.

290 1102 515 1147 agnitus
549 1113 582 1139 v.
617 1104 802 1139 Christus.

289 1169 485 1205 agnus:
518 1161 564 1197 de
597 1162 686 1207 agni
718 1163 940 1199 inmaculati
972 1175 1053 1200 eor-

338 1229 428 1263 pore
452 1222 597 1264 partem
623 1231 771 1257 sumere
795 1221 827 1256 II
849 1223 905 1263 54,
928 1223 960 1257 2.

289 1281 321 1315 A
336 1292 361 1326 g
376 1293 393 1316 r
407 1282 417 1317 i
433 1293 456 1327 p
472 1283 559 1328 pin
574 1295 597 1318 u
614 1295 630 1320 s
661 1285 864 1331 episcopus
896 1290 933 1322 et
963 1286 1053 1322 scri-

337 1344 423 1385 ptor
450 1341 484 1376 H
510 1342 589 1386 480,
618 1341 672 1377 12.

288 1398 404 1435 alas
435 1409 520 1435 cum
551 1401 663 1436 deum
694 1401 832 1438 habero
862 1402 1070 1441 audimusw

335 1458 631 1501 protectionem.
678 1460 949 1507 intellegimus.
999 1462 1070 1497 ΙΙΙ·

334 1516 414 1554 343,
443 1517 497 1553 10.
526 1509 559 1553 υ.
588 1518 694 1554 deus.

287 1579 489 1616 Alarici
520 1581 642 1626 prima
674 1582 777 1618 urbis
809 1582 954 1620 Romae
987 1579 1069 1619 ob-¹

335 1638 432 1674 sidio
461 1639 496 1674 II
523 1639 602 1684 533,
633 1641 688 1676 15.

287 1695 432 1741 Alba,
457 1696 558 1733 Latii
584 1698 723 1737 civitas
749 1699 783 1734 II
807 1700 887 1745 551,
914 1701 968 1736 11.
995 1701 1049 1736 12.

287 1760 502 1796 ΑΙὺίῐιε..
528 1773 624 1798 cum>
654 1763 814 1800 Piniano
858 1769 896 1801 et
938 1766 1050 1802 Mela-

334 1819 408 1863 nia,
440 1824 482 1855 ut
512 1821 771 1867 Augustinum
800 1823 982 1869 viserent,
1012 1825 1050 1859 in

332 1878 502 1914 Africam
537 1880 700 1924 profecti
734 1881 894 1917 hiemem
928 1882 1050 1928 Taga-

334 1939 416 1973 stae
443 1938 778 1974 commorabantur
801 1940 855 1975 III
882 1941 911 1985 1,
936 1941 968 1976 6.
995 1941 1048 1976 17.

333 1994 366 2038 2,
408 1994 463 2031 23.
496 1995 748 2042 Augustinus
791 2002 919 2034 autem
965 1994 1067 2034 cum'

333 2057 488 2098 propter
522 2055 782 2092 valetudinem
817 2067 883 2092 eos
918 2057 1049 2093 videre

333 2112 520 2157 nequiret,
543 2113 709 2158 epistula
733 2114 798 2150 124
823 2126 863 2150 se
889 2121 1066 2151 excusata

332 2168 387 2205 ΙΙΙ
414 2171 444 2214 1,
469 2169 573 2207 5—9.
600 2171 632 2216 2,
658 2172 713 2208 23.
740 2174 1048 2209 monasterialem

332 2227 397 2273 illi,
423 2228 461 2263 in
485 2234 531 2265 eo
557 2234 650 2274 erat,
675 2234 718 2266 ut
743 2231 863 2266 vitam
888 2234 1048 2277 agerent

332 2297 417 2322 cum
444 2282 712 2324 rerum‘etiam
741 2299 895 2325 suarum
922 2290 1048 2326 distri-

332 2344 488 2381 butione
515 2346 567 2381 III
591 2347 645 2391 17,
669 2347 699 2382 1.
723 2347 811 2383 inde
835 2348 937 2383 dona
959 2359 1047 2384 con·

331 2403 501 2439 tulerunt
526 2404 713 2441 ecclesiae
740 2405 969 2452 Tagastensi
995 2406 1047 2441 ΙΙΙ

333 2461 387 2505 12,
416 2461 472 2497 22.
500 2472 631 2498 eorum
659 2464 824 2508 querelis
852 2475 896 2500 ac
927 2464 1048 2509 suspi-

331 2519 504 2556 cionibus
555 2522 795 2567 Augustinus
821 2518 823 2520 ’
846 2533 1047 2559 occurrere

331 2582 494 2613 conatur
517 2579 682 2624 epistula
700 2580 772 2620 125
794 2581 843 2617 ad
865 2581 1046 2626 Alypium

332 2636 423 2671 data
482 2637 692 2683 eodemque
755 2639 914 2674 consilio
976 2639 1047 2675 soli

331 2693 493 2730 Albinae
547 2696 691 2741 scripta
744 2700 803 2732 est
857 2707 914 2742 ep.
969 2698 1045 2732 126.

330 2752 508 2799 laudibus
544 2758 730 2790 ornantur
766 2755 818 2790 ΙΙΙ
855 2756 887 2800 1,
924 2756 978 2791 14.
1014 2757 1047 2801 4,

328 2811 362 2846 5.
382 2812 415 2847 7.
435 2822 567 2848 omnes
587 2816 665 2849 tres
686 2824 752 2859 per
772 2812 1064 2871 Hieronymum!

1087 1004 1498 1040 Alexandrinus
1533 1014 1567 1040 v.
1603 1003 1850 1046 Athanasius,

1136 1064 1334 1109 Didymus,

1031 1130 1035 1132 “
1086 1134 1109 1158 a
1122 1122 1133 1156 l
1148 1122 1159 1157 l
1174 1133 1193 1157 e
1208 1132 1233 1167 g
1247 1132 1269 1157 o
1285 1132 1301 1156 r
1317 1122 1327 1157 i
1342 1131 1365 1156 a
1383 1133 1390 1156 :
1412 1121 1497 1166 quis
1518 1131 1596 1157 non
1614 1120 1854 1165 inpudenti&

1137 1181 1229 1216 sime
1258 1181 1403 1216 nitatur
1430 1179 1575 1224 aliquid
1602 1179 1640 1213 in
1667 1177 1851 1223 allegoria

1136 1241 1304 1285 positum
1337 1249 1406 1285 pro
1439 1249 1479 1274 se
1512 1236 1782 1282 interpretari?
1814 1236 1848 1271 II

1136 1299 1215 1344 470,
1241 1299 1273 1333 2.

1086 1368 1109 1393 a
1123 1358 1134 1392 1
1149 1357 1161 1392 l
1175 1368 1195 1393 e
1209 1367 1234 1402 g
1249 1367 1270 1392 o
1286 1367 1303 1392 r
1319 1356 1330 1391 i
1344 1366 1362 1391 c
1378 1367 1401 1391 a
1420 1354 1653 1401 significatio
1673 1353 1709 1388 ΙΙ
1725 1353 1803 1399 192,
1816 1354 1848 1388 6.

1087 1415 1324 1461 alleluia
1356 1413 1490 1450 diebus
1523 1412 1699 1449 omnibus
1733 1411 1850 1447 domi-

1134 1474 1230 1510 nicis
1286 1473 1447 1516 canitur,
1502 1471 1605 1517 quod
1660 1469 1851 1516 significat

1067 1569 1069 1574 ,
1134 1532 1326 1568 actionem
1363 1534 1534 1566 nostram
1570 1530 1738 1565 futuram
1774 1538 1851 1563 non

1135 1601 1219 1627 esse
1248 1590 1322 1626 nisi
1351 1590 1503 1625 laudem
1532 1587 1594 1624 dei
1622 1587 1657 1622 II
1686 1587 1765 1630 202,
1795 1586 1850 1620 10.

1130 1654 1172 1686 ut
1200 1649 1354 1685 alleluia
1380 1646 1552 1693 paschali
1581 1650 1751 1691 tempore
1780 1654 1846 1689 per

1137 1709 1222 1744 illos
1276 1707 1379 1743 solos
1433 1706 1515 1741 dies
1569 1702 1849 1749 quinquaginta

1134 1770 1320 1810 cantetur,
1358 1775 1436 1800 non
1472 1772 1747 1808 usquequaque
1785 1760 1849 1796 ob-

1134 1829 1324 1867 servatur3
1369 1833 1457 1858 nam
1502 1826 1540 1857 et
1585 1820 1670 1856 aliis
1715 1818 1849 1855 diebus

1131 1884 1238 1918 varic
1269 1885 1459 1918 cantatur>
1478 1879 1568 1915 alibi
1599 1883 1714 1923 atque
1746 1876 1848 1920 alibi,

1133 1942 1225 1986 ipsis
1272 1945 1400 1975 tamen
1446 1938 1580 1975 dicbus
1627 1936 1768 1981 ubique
1811 1934 1847 1969 Il

1132 2000 1211 2044 207,
1239 2000 1297 2042 10;
1325 1999 1371 2040 cf.
1398 1998 1454 2042 48,
1481 1998 1514 2032 7.

1087 2058 1274 2104 alogia
1317 2061 1387 2100 est,
1431 2066 1516 2091 cum
1559 2054 1680 2099 epulis
1723 2051 1844 2088 indul-

1132 2120 1254 2162 getur,
1309 2119 1351 2150 ut
1404 2125 1428 2150 a
1480 2112 1640 2149 rationis
1694 2110 1845 2147 tramite

1131 2174 1307 2211 devietur
1332 2174 1366 2208 II
1389 2173 1447 2216 39,
1471 2172 1526 2207 27.
1551 2182 1586 2207 v.
1613 2170 1776 2215 eulogia.

1083 2233 1247 2278 Alpes
1275 2231 1461 2267 montosis
1489 2230 1661 2265 firmatae
1689 2226 1845 2272 rupibus

1126 2292 1145 2326 Ι
1174 2292 1230 2335 93,
1261 2292 1314 2326 17.

1082 2350 1261 2385 altare
1286 2352 1421 2384 contra
1445 2348 1565 2383 altare
1590 2347 1760 2382 levatum
1786 2349 1844 2380 est

1130 2408 1164 2443 11
1198 2408 1255 2452 99,
1289 2407 1344 2443 22.
1378 2405 1555 2442 maledici
1588 2404 1717 2440 nescio
1753 2402 1843 2448 quid

1128 2466 1233 2501 aliud
1278 2464 1489 2501 catholicos
1534 2464 1573 2498 in
1617 2463 1737 2497 altare
1782 2461 1843 2496 dei

1129 2534 1270 2569 ponere
1315 2522 1542 2559 iactitabant
1586 2522 1619 2556 ΙΙ
1665 2521 1744 2565 462,
1789 2521 1842 2555 19.

1128 2583 1227 2618 ferre
1265 2581 1497 2618 oblationem
1535 2581 1584 2616 ad
1622 2580 1742 2615 altare
1781 2579 1842 2615 dei

1127 2641 1162 2675 II
1194 2641 1274 2685 655,
1308 2641 1339 2675 2.
1375 2640 1498 2675 sancti
1531 2638 1663 2674 altaris
1698 2638 1840 2673 oblatio

1127 2703 1186 2734 est
1233 2702 1526 2741 sacramentum,
1572 2707 1648 2742 quo
1696 2696 1842 2742 praedi-

1127 2761 1236 2792 eatur
1281 2760 1452 2792 nostrum
1498 2755 1591 2790 illud
1636 2755 1841 2790 maximum

1127 2818 1272 2860 votum,
1323 2825 1398 2861 quo
1450 2824 1519 2850 nos
1571 2815 1749 2850 vovimus
1803 2814 1841 2848 in
