2078 3054
887 127 1030 164 Index
1055 126 1099 163 V.

266 243 335 277 bus
369 245 474 276 ortas
510 241 711 286 proposuit
745 250 804 285 ep.
837 240 891 285 46,
927 240 976 274 ad

267 310 361 345 quas
391 300 433 335 Α.
464 299 663 343 respondit
691 309 749 343 ep.
777 300 833 334 47.

224 358 231 398 ,s
247 358 271 392 P
288 357 373 392 ubl
389 358 399 391 i
415 368 432 392 c
449 368 470 391 0
486 357 495 391 l
512 357 554 401 a]
568 385 576 401 ,
606 357 792 392 Melaniae
820 355 976 391 maioris

266 415 402 450 unicus
439 414 537 449 filius
574 414 607 448 II
641 415 720 458 499,
755 414 786 449 2.
826 414 878 458 10,
913 424 976 448 no-

266 473 366 507 mine
400 483 476 506 non
511 472 727 516 appellatur
763 472 800 506 in
834 471 976 515 epistu-

267 530 327 572 lis,
357 540 478 573 nuper
505 534 694 564 mortuum
723 529 852 563 laudat
882 529 977 563 Pau-

267 587 366 622 linus
398 587 432 621 11
464 588 542 631 499,
575 587 719 630 1-501,
751 587 782 621 2.

222 654 242 687 p
260 644 521 679 ulehrum:
558 645 604 680 de
640 644 787 688 pulchri
819 644 976 689 aptique

267 703 452 737 distantia
486 702 536 736 Ill
573 703 649 743 129,
683 703 733 736 18.

223 759 458 794 l'unieus
501 760 689 803 interpres
731 759 764 793 11
803 760 881 803 628,
925 759 977 793 12.

268 818 423 852 nomina
463 817 651 862 quaedam
695 817 841 851 Punica
882 827 979 851 mor-

269 880 419 909 tuorum
456 874 470 908 1
507 875 561 917 41,
599 876 628 909 1.
664 875 717 909 13.
753 874 808 918 42,
847 874 900 909 12.
935 873 976 907 A.

269 932 486 977 requirebat
531 932 708 977 aliquem,
754 932 817 977 qui
863 932 977 967 etiam

269 990 414 1024 l'uniea
450 990 582 1035 lingua
618 996 719 1025 esset
757 990 978 1033 instructus,

268 1058 379 1092 quem
421 1048 714 1082 Fussalensibus
755 1048 977 1091 episcopum

269 1105 521 1140 constitueret
551 1105 603 1138 IV
632 1105 710 1148 348,
742 1105 795 1139 20.
823 1104 979 1139 Punicis

269 1162 386 1207 libris,
445 1169 482 1197 ut
534 1173 557 1197 a
605 1163 698 1197 viris
746 1162 979 1197 doctissimis

270 1221 461 1263 proditum
508 1225 576 1261 est,
624 1220 742 1255 multa
786 1220 979 1264 sapienter

271 1283 359 1312 sunt
380 1279 563 1312 mandata
584 1278 788 1312 memoriae
811 1278 825 1311 I
847 1278 903 1321 41,
927 1278 979 1311 19.

226 1345 477 1379 purgare:
546 1336 587 1370 A.
640 1346 686 1370 ex
738 1335 978 1381 Longiniano

269 1393 350 1426 vult
385 1394 492 1436 seire,
529 1394 621 1438 quid
655 1393 861 1428 arbitretur
896 1404 979 1425 esse

271 1461 337 1493 per
386 1461 494 1484 saera
544 1451 787 1495 purgandum
840 1452 875 1484 in
924 1462 980 1493 eo,

270 1507 333 1552 qui
360 1508 434 1553 pie,
459 1508 568 1552 iuste,
595 1518 688 1552 pure
715 1509 979 1552 veraciterque

272 1565 438 1600 vivendo
466 1569 705 1609 promeretur
731 1566 823 1601 deos
850 1571 886 1600 et
914 1576 980 1609 per

270 1633 335 1658 eos
374 1634 489 1658 unum
528 1623 632 1658 illum
671 1623 827 1658 deorum
867 1624 979 1659 deum

271 1690 328 1724 ep.
358 1681 439 1716 ⁶235:
480 1681 526 1721 cf.
554 1692 612 1726 ep.
640 1682 716 1715 234.

226 1737 251 1770 l‘
268 1748 291 1771 u
306 1748 320 1771 r
337 1746 360 1780 p
376 1748 399 1771 u
416 1748 432 1771 r
448 1738 457 1771 i
473 1749 496 1772 u
512 1749 528 1773 s
548 1738 782 1773 Liniatensis
806 1737 980 1773 Secundo

270 1795 485 1839 Tigisitano
524 1796 675 1840 obiecit,
726 1796 828 1840 quod
866 1796 980 1831 etiam

273 1853 353 1895 ipse
384 1860 447 1887 aut
481 1854 691 1896 scripturas
725 1853 884 1888 tradidit
916 1857 980 1887 aut

273 1910 373 1944 tradi
400 1910 546 1955 aliquid
574 1910 685 1945 iussit
713 1910 745 1944 11
773 1911 827 1954 89,
856 1911 908 1945 17.

227 1967 488 2010 pusillus:
515 1978 589 2002 non
617 1969 711 2012 perit
742 1979 838 2002 unus
866 1968 982 2012 pusil-

272 2024 341 2068 lus,
365 2036 434 2068 pro
455 2026 592 2070 quibus
614 2025 787 2060 t'liristus
810 2030 981 2060 mortuus

271 2087 329 2117 est
360 2082 414 2116 III
445 2083 523 2127 614,
557 2083 608 2117 15.

229 2141 291 2185 [Ὗ
309 2147 323 2176 t
338 2143 573 2187 liagoras
635 2143 746 2178 homo
812 2144 882 2178 tuit
945 2147 982 2177 et

272 2205 478 2243 propterea
512 2212 586 2235 non
621 2211 771 2244 semper
804 2211 873 2236 nee
904 2201 983 2249 ubi-

271 2268 343 2302 que
379 2258 447 2292 fuit
487 2258 742 2302 Pythagorica
777 2249 983 2303 disciplina

274 2314 307 2348 II
337 2315 413 2358 555,
443 2316 500 2350 21:
530 2316 576 2356 cf.
606 2316 685 2359 555,
716 2316 767 2350 10.
798 2316 982 2361 Pherecy-

272 2372 339 2406 des
375 2372 508 2417 smus
543 2384 627 2408 eum
662 2373 708 2407 (le
743 2374 894 2409 animae
928 2373 983 2407 in-

272 2430 506 2465 mortalitate
530 2431 821 2474 disputavisset,
843 2431 983 2475 Pytha-

272 2498 403 2531 goram
471 2487 638 2522 Samium
707 2488 983 2531 disputationis

275 2544 445 2579 novitate
491 2551 704 2588 permotum
749 2556 793 2579 ex
838 2545 983 2580 athleta

274 2601 312 2635 in
350 2601 617 2646 philosophum
661 2603 773 2637 vertit
816 2603 865 2636 111
908 2603 983 2639 113,

276 2659 327 2693 13.
375 2659 540 2694 animam
589 2659 734 2703 lapsam
784 2660 830 2694 de
877 2660 982 2694 caelo

274 2726 358 2751 esse
424 2717 664 2761 Pythagoras
734 2717 983 2760 philosophus

277 2773 429 2817 putavit
465 2773 519 2807 III
558 2774 635 2818 542,
672 2776 704 2808 4.
743 2774 984 2820 Pythagoras

300 2838 395 2865 LVIII.
419 2840 606 2872 Augustinus.
627 2839 892 2872 (Goidbacher.)

1685 113 1769 156 305

1061 241 1152 286 quid
1199 240 1372 285 senserit,
1419 241 1509 276 dum
1556 251 1625 276 nos
1672 240 1768 276 scire

1060 299 1282 343 gaudemus,
1318 299 1405 334 talis
1442 299 1601 334 scientia
1635 299 1770 335 adver-

1062 360 1167 390 satur
1207 356 1413 391 humilitati
1453 356 1693 392 Christianae
1735 356 1768 390 ll

1061 413 1140 457 686,
1166 415 1198 447 4.

1016 470 1044 503 P
1059 482 1082 514 y
1098 475 1112 505 t
1128 470 1148 504 h
1165 481 1185 505 a
1201 482 1226 516 g
1240 481 1261 506 0
1277 481 1293 504 r
1308 482 1326 506 e
1342 482 1365 506 a
1386 476 1559 515 tempora
1582 471 1614 504 ΙΙ
1639 472 1716 515 555,
1738 471 1769 506 9.

1016 528 1043 562 P
1059 540 1081 573 y
1098 532 1112 562 t
1128 529 1149 562 h
1165 539 1187 563 a
1201 539 1225 573 g
1239 539 1260 563 0
1277 540 1293 563 r
1310 529 1353 563 ie
1369 540 1388 563 a
1460 529 1666 572 dis(·iplina
1737 528 1769 562 ll

1062 586 1140 630 555,
1167 586 1221 621 22.

1016 699 1326 742 Quadratus
1366 702 1571 745 episeopus
1609 702 1646 736 in
1685 712 1771 735 eon-

1064 758 1150 792 cilio
1175 758 1396 794 Milevitano
1420 759 1544 794 adfuit
1568 759 1619 793 Ill
1642 760 1720 802 (364,
1740 761 1771 793 3.

1015 815 1045 857 Q
1060 816 1146 850 uin
1164 816 1239 850 tia
1256 826 1278 850 n
1294 827 1349 851 us
1385 817 1586 861 presbyter
1622 816 1773 861 legebat

1064 874 1101 907 in
1135 874 1296 908 eeclesia
1331 874 1552 917 svripturas.
1586 885 1680 918 quas
1714 884 1773 907 ea-

1064 942 1141 965 non
1182 931 1467 966 ecclesiasticus
1511 943 1584 965 non
1630 931 1773 975 reeepit

1066 989 1099 1022 lI
1138 990 1216 1033 231,
1255 990 1283 1024 1.
1321 1000 1396 1034 qua
1431 999 1469 1024 re
1508 990 1554 1023 ab
1589 989 1773 1032 episeopo

1065 1058 1144 1091 suo,
1174 1058 1263 1082 sene
1292 1047 1458 1091 Aurelio,
1488 1047 1524 1081 in
1552 1057 1596 1081 eo
1625 1052 1705 1082 erat
1734 1050 1774 1080 ut

1063 1115 1085 1139 a
1128 1105 1393 1139 communione
1437 1111 1698 1139 removeretur
1741 1104 1772 1137 ΙΙ

1065 1163 1142 1207 230,
1170 1164 1202 1197 4.
1230 1163 1278 1197 ad
1308 1162 1350 1197 A.
1381 1162 1508 1207 itaque
1534 1162 1683 1197 litteras
1712 1162 1774 1196 de-

1065 1220 1131 1264 dit,
1155 1231 1250 1264 quas
1276 1220 1337 1256 ille
1363 1220 1412 1254 ad
1441 1220 1634 1254 Aurelium
1661 1220 1774 1256 misit.

1067 1282 1106 1311 ut
1158 1288 1241 1311 eum
1294 1277 1473 1321 placaret,
1526 1278 1693 1311 intentus
1748 1277 1776 1310 ll

1065 1335 1142 1379 230,
1192 1335 1242 1369 17.
1289 1335 1347 1378 21;
1393 1333 1600 1376 Quintiano
1648 1339 1772 1368 auten!

1066 1401 1123 1435 ep.
1162 1392 1206 1426 64
1254 1391 1455 1435 respondit
1505 1396 1541 1426 et
1592 1392 1774 1435 episcopo

1066 1460 1133 1484 suo
1165 1460 1248 1484 eum
1281 1449 1485 1484 conciliare
1517 1450 1708 1484 nitebatur
1741 1449 1775 1482 ll

1065 1508 1143 1551 2:30,
1168 1508 1200 1541 4.
1227 1507 1390 1551 amplius
1414 1507 1485 1542 hae
1511 1517 1627 1542 eausa
1654 1507 1775 1551 impli-

1067 1567 1144 1601 cari
1171 1564 1321 1600 nolebat
1350 1565 1383 1598 II
1409 1565 1487 1608 230,
1516 1565 1567 1599 14.
1591 1565 1647 1599 24.
1674 1564 1774 1609 quod

1067 1621 1296 1664 Quintianus
1352 1622 1397 1657 de
1455 1622 1676 1657 Privatione
1731 1622 1774 1656 A.

1066 1681 1307 1724 admonebat,
1342 1681 1382 1714 A.
1416 1692 1492 1714 non
1522 1680 1602 1715 sine
1634 1680 1776 1714 acerbi-

1067 1742 1145 1772 tate
1175 1737 1315 1772 refellit
1344 1737 1376 1771 ΙΙ
1404 1738 1483 1782 231,
1508 1739 1538 1772 4.

1019 1794 1049 1836 Q
1064 1805 1087 1828 u
1103 1795 1112 1828 i
1129 1806 1151 1828 n
1167 1795 1245 1829 tia
1258 1806 1281 1829 n
1299 1806 1320 1829 u
1337 1806 1353 1829 s
1410 1795 1595 1830 diaeonus
1652 1795 1774 1829 fuerat

1066 1853 1248 1896 episeopo
1284 1853 1499 1897 adiunctus,
1535 1863 1647 1897 quein
1682 1852 1776 1886 Mar-

1067 1910 1195 1945 cellini
1235 1910 1346 1944 amici
1389 1910 1582 1954 miserant,
1625 1920 1699 1955 quo
1739 1914 1776 1945 et

1067 1967 1310 2003 Marcellinus
1348 1967 1430 2011 ipse
1467 1972 1504 2002 et
1540 1967 1621 2002 eius
1659 1967 1776 2002 frater

1066 2025 1113 2059 ab
1139 2026 1241 2059 omni
1269 2025 1444 2060 molestia
1474 2025 1581 2060 liberi
1611 2025 1776 2060 dimitte-

1067 2086 1197 2117 rentur
1226 2082 1279 2116 ΙΙΙ
1307 2083 1386 2127 390,
1413 2082 1468 2118 28.

1019 2139 1371 2182 Quintiliano
1403 2140 1585 2184 episeopo
1619 2150 1676 2184 ep.
1710 2140 1776 2173 212

1068 2197 1110 2231 A.
1137 2198 1420 2232 commendavit
1445 2197 1593 2233 Gallam
1619 2198 1774 2232 viduam

1067 2260 1104 2289 et
1129 2255 1209 2290 eius
1236 2255 1349 2290 filiam
1377 2255 1663 2299 Simpliciolam.

1018 2311 1047 2353 Q
1063 2313 1113 2346 ui
1130 2318 1178 2346 nt
1198 2313 1204 2345 i
1224 2313 1231 2346 i
1280 2319 1460 2357 aratrum,
1517 2312 1775 2347 Romanorum

1067 2369 1186 2413 duris,
1211 2370 1275 2414 qui
1300 2374 1528 2413 paupertate
1554 2380 1629 2404 non
1655 2368 1774 2403 solum

1070 2438 1142 2461 non
1171 2427 1257 2461 vilis
1287 2428 1409 2461 faetus
1438 2432 1495 2462 est
1522 2427 1669 2461 civibus
1698 2427 1776 2460 suis

1069 2484 1132 2519 sed
1165 2484 1279 2519 etiam
1310 2484 1434 2519 earior
1464 2488 1502 2519 et.
1531 2484 1679 2528 patriae
1711 2495 1776 2528 gu-

1068 2541 1270 2576 bernandis
1296 2541 1431 2586 opibus
1457 2542 1582 2586 aptior
1607 2542 1637 2575 ll
1653 2542 1733 2585 586,
1748 2541 1779 2575 2.

1020 2604 1050 2643 Q
1066 2613 1087 2635 u
1105 2602 1183 2636 int
1197 2613 1219 2636 u
1236 2613 1252 2636 s
1300 2603 1486 2637 diaeonus
1537 2603 1579 2636 A.
1628 2602 1776 2637 litteras

1068 2659 1228 2694 l'aulino
1259 2659 1402 2694 Romae
1434 2659 1603 2695 reddidit
1633 2659 1667 2693 ΙΙ
1698 2660 1776 2701 497,

1070 2716 1122 2751 12.
1163 2717 1261 2751 idem
1303 2717 1465 2752 fortasse
1505 2717 1576 2752 fuit
1613 2716 1776 2758 Quintus

1068 2774 1279 2819 presbyter,
1313 2774 1420 2809 euius
1455 2783 1680 2818 prosperum
1712 2773 1776 2808 ad-

1503 2843 1545 2874 20
