2078 3054
844 131 1081 165 Praefatio.
1658 131 1727 166 Vll

213 249 426 301 librorum,
471 247 619 300 inquit,
653 247 776 300 prior
807 246 986 299 epistula
1027 251 1104 289 est:
1145 248 1268 289 habet
1307 249 1458 302 quippe
1502 250 1545 291 in
1581 250 1728 301 capite,

212 314 303 366 quis
339 313 396 354 ad
431 326 546 366 quem
586 312 758 353 scribat:
796 311 868 353 sed
903 310 992 352 ideo
1031 313 1142 353 iuter
1173 311 1297 354 libros
1328 312 1628 353 adnumeratur
1658 312 1729 353 hoc

210 391 323 429 opus,
371 377 564 430 quo-utam
603 389 786 428 sequeus,
829 375 899 428 qm·
936 376 1107 416 nomina
1144 379 1286 417 nostra
1317 389 1398 417 uon
1429 376 1561 425 habet,
1605 376 1730 417 ruzelto

211 445 270 482 est
297 440 505 493 prolixior
542 443 578 479 et
619 440 660 479 ιή
696 452 740 479 eo
772 438 899 479 multo
927 438 1060 490 plura
1093 442 1338 480 tractantur.
1380 440 1491 493 prior
1524 439 1634 480 enim
1668 440 1730 480 in-

210 504 388 558 scriptus
405 508 486 544 cst:
511 503 582 543 Ad
600 502 886 555 acquisitiones
908 503 1105 543 Ianuarii
1129 502 1230 544 liber
1243 504 1424 555 primus.
1448 502 1730 544 Dilectissimo

209 567 296 620 filio
329 567 534 608 Ianuario
566 567 830 618 Auaustiuus
861 566 906 606 rin
938 566 1103 607 (loriano
1133 566 1321 619 salutem,
1355 566 1559 620 posterior
1589 571 1730 607 autem

210 629 516 671 tantummodo:
568 630 640 670 Ad
680 629 963 681 inquisitiones
1005 630 1204 671 Ianuarii
1243 629 1344 671 liber
1383 630 1600 672 secundus.
1649 643 1732 682 qua

209 707 253 735 re
284 694 411 734 libros
443 692 727 745 seiungendos
749 705 841 733 esse
873 698 1029 743 censet,
1062 698 1107 733 ut
1136 694 1241 734 alter
1272 693 1389 735 libris
1419 692 1729 741 adnumeretur,

209 758 314 798 alter
355 756 558 811 epistulis.
607 769 746 796 verum
789 760 929 797 tamen
972 756 1065 808 quis
1106 761 1180 808 est,
1230 757 1298 810 qui
1340 756 1418 798 hoc
1460 757 1730 811 comprobet?

209 826 427 873 utrumque
460 819 586 873 igitur
616 819 860 872 opusculum
893 819 1040 860 merito
1063 833 1174 861 nuuc
1196 820 1238 861 in
1261 820 1535 874 epistularum
1558 833 1731 862 numero

209 884 353 925 haberi
385 883 503 925 solet.
536 882 644 935 quod
678 882 711 923 si
740 882 851 923 illam
877 883 1101 936 Augustini
1128 884 1396 936 sententiam,
1430 889 1474 925 ut
1496 898 1546 925 ea
1567 889 1730 925 tautum

209 947 389 1002 epistula
421 946 637 997 habeatur,
671 946 741 987 ubi
764 945 955 987 additum
979 947 1045 997 sit,
1078 948 1168 1000 quis
1193 948 1249 987 acl
1269 962 1388 1001 quem
1410 948 1579 999 scribat,
1612 948 1731 1000 sequi

209 1011 423 1061 vellemus,
457 1010 661 1064 epistulae
685 1023 848 1062 quoque
884 1010 976 1050 147.
1015 1010 1106 1051 166.
1145 1010 1235 1052 167.
1273 1011 1351 1052 187
1375 1012 1416 1052 in
1441 1012 1568 1053 libros
1591 1016 1732 1052 esseut

208 1073 546 1127 transferendae3
580 1087 675 1114 nam
710 1074 813 1114 nihil
845 1073 956 1114 aliud
991 1074 1237 1128 inscriptum
1262 1080 1325 1116 est
1347 1075 1425 1116 nisi
1459 1074 1525 1116 ‘de
1547 1074 1730 1116 videndo

208 1138 286 1179 (leo
318 1138 451 1187 liber‘,
494 1136 559 1178 ‘de
591 1136 751 1191 origine
788 1137 954 1178 animae
987 1137 1197 1189 hominis‘,
1242 1138 1307 1179 ‘de
1345 1138 1557 1179 sententia
1589 1138 1729 1179 Iacobi

207 1202 412 1256 apostoli‘,
446 1201 511 1242 ‘de
544 1201 782 1255 praesentia
814 1200 880 1242 dei
914 1201 1029 1242 liber‘
1062 1215 1200 1254 neque
1231 1201 1422 1243 additum
1455 1208 1530 1256 est,
1564 1203 1654 1255 quis
1678 1202 1733 1242 acl

209 1280 324 1319 quem
370 1265 536 1315 scribat,
585 1278 838 1317 quamquam
886 1265 1148 1319 Augustinus
1195 1265 1335 1306 omnia
1386 1265 1490 1306 haec
1538 1271 1733 1318 quattuor

207 1329 408 1383 opuscula
445 1329 486 1369 in
519 1329 702 1369 Retraet.
726 1329 765 1369 II
799 1329 866 1369 41.
899 1328 967 1370 45.
1001 1329 1056 1369 49
1094 1329 1221 1369 libros
1255 1333 1387 1370 vocat.
1432 1329 1586 1370 deinde
1624 1329 1731 1369 inter

208 1392 433 1446 Augustini
471 1392 600 1433 libros
638 1392 826 1432 nonnulli
853 1392 973 1443 sunt,
1017 1392 1084 1445 qui
1125 1405 1217 1452 cum
1251 1392 1496 1446 inscriptum
1530 1393 1597 1444 sit,
1640 1394 1731 1444 quis

209 1458 264 1497 ad
294 1470 409 1509 quem
442 1456 610 1496 scribat.
655 1455 761 1497 inter
799 1456 1001 1509 epistulas
1038 1456 1180 1497 essent
1217 1456 1449 1510 reeipiendi
1480 1456 1595 1497 velut
1626 1456 1731 1497 liber

209 1520 273 1560 ‘de
306 1521 413 1560 bono
447 1518 665 1560 viduitatis
695 1518 748 1559 ad
781 1519 1016 1571 Iulianam‘,
1052 1519 1116 1560 ‘ad
1142 1520 1385 1574 Eutropium
1409 1524 1448 1560 et
1472 1520 1647 1560 Paulum
1680 1519 1732 1561 de

207 1583 463 1637 perfectione
481 1582 664 1623 iustitiae
682 1582 893 1636 hominis‘‚
918 1583 1291 1624 ‘commonitorium
1309 1582 1444 1625 Orosii
1461 1582 1515 1623 ad
1534 1583 1730 1635 Augusti-

208 1649 334 1698 num‘,
353 1659 459 1699 quae
478 1646 633 1699 scripta
650 1645 703 1686 ad
722 1645 994 1700 epistularum
1013 1646 1188 1688 formam
1207 1651 1304 1688 sunt
1322 1647 1564 1701 composita.
1585 1646 1731 1688 similis

208 1715 270 1752 est
308 1709 606 1759 inconstantia,
650 1722 742 1750 cum
783 1710 824 1751 in
858 1724 920 1764 ep.
946 1710 1029 1750 214
1061 1725 1098 1764 p.
1125 1710 1221 1762 381,
1267 1711 1314 1750 17
1348 1711 1612 1764 Augustinus
1644 1711 1730 1764 epi-

207 1774 356 1815 stularu
395 1773 474 1813 194
515 1772 569 1813 ad
603 1772 767 1813 Sixtum
812 1773 953 1814 datam
995 1773 1144 1815 librum
1182 1774 1244 1815 rel
1274 1774 1497 1826 epistulam
1529 1774 1728 1828 appellat,

207 1837 316 1890 quod
358 1835 635 1890 amplitudine
678 1836 767 1877 eius
809 1836 957 1878 duetus
1000 1838 1152 1878 fecisse
1195 1837 1378 1891 videtui-3
1427 1838 1572 1892 paucis
1618 1838 1728 1879 enim

207 1901 423 1942 versiculis
461 1905 553 1953 post
590 1899 785 1953 legimus:
830 1901 970 1951 Supra
1008 1901 1160 1942 dictam
1198 1901 1418 1953 epistulam
1458 1901 1514 1941 ad
1551 1902 1727 1942 Sirtum.

207 1965 239 2005 si
281 1970 419 2005 autem
453 1963 725 2016 quaesiveris,
769 1962 969 2016 quidnam
1003 1963 1142 2015 fuerit,
1184 1978 1255 2005 eur
1293 1967 1400 2005 ‘aeta
1432 1964 1728 2006 eeclesiastica‘

206 2029 313 2069 inter
334 2027 537 2081 epistulas
559 2026 846 2080 reciperentur
867 2027 1002 2080 (213),
1035 2027 1149 2068 aliud
1171 2028 1426 2081 investigare
1450 2041 1532 2069 non
1557 2028 1727 2082 poteris,

206 2091 285 2132 nisi
322 2091 456 2131 locum
493 2089 589 2131 huie
622 2090 775 2144 scripto
807 2090 999 2143 quamvis
1031 2104 1112 2132 non
1146 2092 1468 2132 convenientem
1499 2091 1727 2146 adsignan-

208 2155 304 2195 dum
337 2154 479 2195 fuisse.

263 2219 350 2259 Iam
383 2222 484 2269 tum,
517 2231 609 2258 curu
631 2218 893 2271 Augustinus
915 2218 1251 2260 Retraetationes
1273 2218 1495 2272 scribebat,
1530 2219 1726 2260 librorum

205 2281 293 2322 eius
330 2286 371 2322 et
408 2281 679 2335 epistularum
718 2280 900 2323 iudicem
940 2281 1129 2323 extitisse
1168 2295 1219 2322 ex
1253 2282 1341 2323 l.11
1373 2282 1424 2322 41
1461 2283 1725 2337 perspicuum

205 2349 281 2396 est,
314 2345 383 2386 ubi
417 2344 467 2386 de
500 2345 681 2399 epistula
717 2344 809 2396 148,
842 2344 883 2385 id
916 2349 979 2387 est
1011 2346 1063 2387 (16
1095 2346 1410 2387 commonitorio
1440 2346 1493 2387 ad
1528 2347 1727 2387 Fortuna-

205 2409 363 2449 tianum
408 2409 535 2450 misso
574 2408 693 2449 dicit:
755 2409 870 2460 Quod
909 2410 954 2450 iu
995 2409 1283 2461 opusculorum
1325 2424 1504 2451 meorum
1545 2410 1727 2451 indiculo

205 2486 274 2513 uec
315 2473 420 2513 iuter
459 2471 582 2514 libros
619 2485 691 2512 uec
733 2472 836 2513 iuter
871 2472 1073 2525 epistulas
1105 2476 1162 2514 est
1194 2476 1392 2514 notatum.
1433 2486 1569 2526 neque
1606 2472 1726 2514 dubi-

204 2535 394 2586 taverinn
428 2534 527 2587 quin
559 2535 627 2575 ille
660 2534 868 2576 indiculus
899 2536 1210 2589 intellegendus
1232 2536 1285 2577 sit
1307 2537 1432 2578 etiam
1456 2537 1498 2577 in
1521 2550 1582 2589 eo,
1615 2536 1727 2590 quod

205 2598 245 2639 in
284 2598 497 2652 superiore
529 2611 562 2638 c.
587 2598 643 2638 40
680 2598 731 2640 de
769 2598 949 2653 epistula
985 2599 1058 2639 141
1096 2598 1344 2640 adnotatum
1376 2600 1586 2641 videmus:
1629 2601 1727 2641 Non

204 2665 262 2703 est
296 2662 337 2702 ιή
368 2661 557 2713 epistulis
588 2662 700 2711 meis,
734 2672 860 2715 atque
892 2662 992 2703 illud
1025 2676 1203 2715 quoque,
1237 2662 1345 2716 quod
1379 2663 1501 2705 modo
1534 2676 1584 2704 ex
1615 2677 1648 2705 c.
1673 2664 1727 2704 20

204 2724 449 2766 adtulimus:
496 2725 610 2766 Inter
652 2725 776 2769 libros
817 2726 1120 2768 adnumeratur
1160 2726 1232 2768 hoc
1277 2740 1390 2780 opus,
1436 2726 1583 2769 eodem
1630 2728 1726 2769 lieet

204 2787 361 2828 referri.
