2078 3054
283 174 363 215 182

280 303 459 346 Dares,
498 302 625 338 audax
664 301 726 337 ille
766 300 871 346 pugil
908 299 1041 345 Vergi-

325 361 449 397 lianus
479 361 513 396 ΙΙ
540 361 619 404 242,
648 360 703 395 10.
732 360 811 394 264.
841 359 872 394 1.

280 420 476 455 Darius
517 429 584 454 rex
625 419 696 454 deo
740 417 912 462 servivit,
954 427 1038 452 cum

326 478 469 513 idolum
505 477 761 523 frangendum
796 477 836 512 in
870 480 1039 520 potesta-

325 541 401 572 tem
436 536 614 571 Daniheli
648 535 756 571 dedit
790 539 828 571 et
861 534 1038 570 inimicos

325 595 407 631 eius
442 595 619 630 leonibus
652 593 793 629 obiecit
829 592 881 627 IV
918 593 972 637 18,
1005 592 1037 627 4.

278 653 493 697 Darius,
551 652 729 688 dominus
788 651 924 687 merito
984 650 1038 685 in-

322 711 452 747 lustris
527 714 565 746 et
638 709 1039 756 magnificentissimus

325 770 378 804 IV
413 770 492 814 497,
531 770 563 804 2.
600 769 679 813 498,
718 769 750 813 9,
789 769 828 803 in
867 767 1036 803 Africam

324 828 463 864 missus
513 830 606 871 erat,
657 830 700 862 ut
749 825 890 862 bellum
939 835 1039 861 com-

323 889 483 931 poneret
510 889 549 921 et
575 895 708 931 pacem
736 884 960 920 conciliaret
987 883 1040 919 IV

324 945 402 990 498,
432 945 465 980 3.
496 945 575 988 510,
606 945 637 979 9.
669 943 770 979 bella
802 943 833 978 si
865 953 942 978 non
973 953 1037 979 ex-

322 1002 495 1047 tinxisse,
553 1005 656 1038 certe
715 1001 910 1037 distulisse
967 1000 1040 1036 sibi

322 1060 527 1096 videbatur
554 1060 607 1095 IV
632 1060 712 1105 501,
737 1061 771 1095 3.
798 1069 928 1095 coram
953 1069 1038 1094 cum

323 1129 368 1154 eo
402 1118 582 1164 conloqui
613 1118 853 1164 Augustinus
887 1117 1039 1153 infirmi-

323 1180 402 1213 tate
432 1177 604 1222 corporis
635 1180 673 1212 et
702 1177 854 1222 gemino
885 1175 1039 1222 frigore,

324 1235 364 1270 id
392 1239 457 1279 est
477 1235 616 1271 hiemis
642 1240 681 1271 et
707 1235 847 1271 aetatis
874 1245 951 1270 non
979 1239 1038 1270 est

324 1293 419 1329 situs
451 1293 503 1328 IV
532 1293 611 1337 497,
641 1294 677 1338 93
709 1294 755 1335 cf.
786 1294 866 1337 499,
895 1293 929 1328 5.
958 1293 1039 1337 500,

325 1352 379 1387 13.
429 1352 509 1396 507,
560 1350 615 1386 25.
665 1351 795 1396 itaque
846 1351 1057 1415 salutandi¹

323 1414 439 1456 atque
471 1409 694 1455 gratulandi
724 1410 852 1445 officio
882 1410 1057 1446 functus*

323 1471 383 1503 est
419 1478 487 1513 per
525 1478 583 1513 ep.
622 1467 690 1503 229
729 1478 881 1513 rogans,
920 1471 965 1503 ut
1001 1471 1039 1504 et

323 1526 405 1571 ipse
439 1526 642 1571 epistulam
675 1525 746 1562 sibi
779 1526 957 1562 redderet
987 1526 1057 1576 IV]

322 1584 481 1629 498,18.
506 1584 645 1620 Darius
668 1584 868 1629 respondit
888 1595 947 1630 ep.
956 1584 1057 1630 23οῃ

324 1644 362 1677 et
402 1642 447 1677 A.
489 1644 667 1687 precatus
708 1645 779 1687 est,
819 1645 863 1678 ut
902 1642 1057 1691 iterum,

325 1699 509 1736 scriberet
532 1700 585 1735 IV
607 1701 687 1745 503,
712 1701 766 1738 13.
790 1701 902 1737 simul
923 1694 1057 1737 medi-³

325 1762 503 1794 camenta
528 1758 658 1804 aliqua
684 1760 731 1795 ab
758 1760 951 1795 archiatro
978 1770 1057 1795 ac-¹

325 1821 439 1860 cepta
464 1817 513 1853 ad
539 1827 625 1853 eum
652 1817 863 1853 deferenda
887 1818 1058 1860 curavit¹

326 1874 378 1909 IV
407 1875 486 1919 503,
516 1875 560 1910 19
588 1880 626 1911 et
655 1875 925 1912 bibliothecam
955 1876 1058 1915 eius;

325 1933 476 1968 adiuvit
507 1933 585 1978 510,
617 1934 670 1969 13.
700 1934 744 1969 A.
773 1934 1058 1970 lubentissime.

325 1991 360 2027 ei
406 1991 606 2036 rescripsit
652 2002 711 2037 ep.
745 1992 811 2027 231
858 1992 1037 2038 misitque

325 2049 619 2085 Confessionum
652 2061 818 2095 suarum,
849 2060 944 2096 quos
974 2047 1058 2086 ille*

325 2107 629 2152 desideraverat,
688 2108 806 2144 libros
854 2108 1038 2154 aliosque,

324 2176 421 2210 quos
454 2176 531 2201 non
564 2166 757 2209 petiverat
789 2166 840 2201 IV
872 2167 952 2212 502,
985 2167 1038 2202 14.

326 2224 405 2268 508,
425 2224 482 2259 27.
506 2224 584 2268 510,
606 2224 638 2259 6.
661 2223 801 2260 Darius
826 2235 849 2259 a
871 2224 1038 2268 parenti-

326 2282 407 2326 buS,
436 2283 486 2317 ab
513 2282 597 2317 avis
627 2286 665 2318 et
694 2287 891 2326 postrema
918 2286 1059 2328 usque*

326 2340 453 2385 gentis
485 2340 591 2384 prole
623 2340 766 2375 Christi
796 2341 880 2375 iura
911 2328 1059 2385 perce-¹

327 2398 383 2442 pit
421 2397 472 2432 IV
510 2398 587 2442 502,
627 2398 679 2433 11.
717 2398 794 2442 508,
835 2399 876 2434 13
915 2409 1059 2444 neque;

327 2466 419 2491 vero
451 2456 615 2501 gentiles
646 2456 742 2491 ritus
773 2456 920 2491 affatim
952 2467 1040 2492 con-

327 2514 495 2558 tempsit,
527 2514 793 2559 priusquam
782 2515 825 2549 A.
857 2515 1039 2560 cognovit

329 2571 381 2606 IV
407 2573 485 2616 502,
510 2572 541 2607 9.
567 2572 610 2607 A.
630 2583 718 2607 eum
742 2583 819 2607 non
844 2573 882 2608 in
909 2582 1060 2631 super-

328 2630 411 2665 ficie
473 2630 539 2665 sed
599 2629 820 2665 Christiana
878 2615 1060 2667 caritate

329 2688 589 2723 (liristianum
626 2692 742 2723 vocat
779 2688 830 2722 IV
867 2689 946 2733 508,
984 2685 1060 2723 25.“

282 2745 493 2780 Dathan
523 2748 559 2781 et
588 2745 743 2790 Abiron,
771 2746 908 2791 impiae
936 2746 1065 2791 sepa-'

330 2803 489 2838 rationis
541 2807 718 2839 auctores
771 2804 805 2838 II
857 2805 935 2848 473,
987 2804 1060 2854 21„

330 2861 436 2896 hiatu
463 2864 586 2898 terrae
615 2861 790 2897 devorati
818 2862 852 2897 II
879 2863 958 2907 400,
987 2862 1060 2917 10·{

952 186 1091 221 ludex
1121 186 1163 221 V.

1123 301 1277 337 Dathan
1304 305 1343 337 et
1370 302 1513 339 Abiron
1543 306 1582 339 et
1608 303 1703 338 Core
1732 304 1836 338 hiatu

1123 363 1246 395 terrae
1284 360 1476 406 absumpti
1514 361 1664 396 futuros
1701 361 1838 406 figura-

1122 421 1263 454 verunt
1302 428 1380 462 eos,
1419 419 1484 464 qui
1522 419 1762 455 descendunt
1800 420 1837 454 in

1112 475 1316 511 .infernum
1359 476 1537 513 viventes
1581 477 1615 512 II
1657 478 1735 522 495,
1782 478 1835 513 19.

1123 533 1288 579 Dathan,
1328 534 1424 570 Core
1465 541 1502 571 et
1541 536 1686 571 Abiron
1727 537 1836 572 mini-

1124 595 1202 628 ster
1226 593 1261 627 ΙΙ
1284 593 1364 638 615,
1390 593 1445 629 25.

1075 661 1249 697 David
1278 662 1358 698 sine
1387 662 1473 698 ullis
1504 663 1664 708 magicis
1692 663 1838 698 artibus

1123 729 1170 754 ex
1210 723 1364 765 pastore
1404 720 1534 756 ovium
1574 722 1750 766 pervenit
1789 722 1837 757 ad

1123 778 1267 823 regiam
1306 778 1533 824 dignitatem
1572 779 1626 814 III
1665 780 1743 824 147,
1784 781 1838 816 13.

1122 836 1300 871 dominus
1343 837 1377 872 ei
1419 848 1600 883 magnum
1644 838 1836 881 perhibuit

1123 894 1383 930 testimonium
1432 895 1504 931 sibi
1553 896 1704 940 placere
1753 906 1838 932 eum

1123 962 1249 997 posse,
1275 963 1505 998 quamquam
1531 954 1569 989 in
1596 954 1710 990 armis
1735 954 1838 990 belli-

1121 1011 1176 1046 cis
1212 1010 1393 1046 militaret
1427 1011 1479 1047 IV
1515 1012 1593 1057 133,
1629 1013 1684 1047 12.
1719 1013 1838 1049 lorica

1123 1068 1294 1104 iustitiae
1326 1074 1363 1104 et
1396 1074 1505 1105 scuto
1538 1070 1626 1106 fidei
1659 1076 1696 1106 et
1725 1071 1837 1117 galea

1123 1126 1257 1161 salutis
1307 1131 1344 1162 et
1390 1128 1519 1173 gladio
1568 1129 1724 1173 spiritus
1772 1140 1838 1165 rex

1122 1183 1249 1220 David
1294 1189 1464 1221 armatus
1510 1186 1744 1232 procedebat
1790 1188 1838 1223 ad

1122 1243 1308 1287 proelium
1341 1244 1375 1278 II
1408 1244 1487 1289 282,
1520 1246 1553 1280 4.
1586 1256 1633 1281 ne
1666 1256 1705 1281 se
1738 1256 1838 1281 com-

1121 1301 1294 1337 mitteret
1328 1303 1510 1346 periculis
1545 1304 1779 1347 proeliorum
1815 1316 1837 1339 a

1123 1359 1202 1395 suis
1258 1360 1329 1395 hoc
1384 1361 1605 1405 petentibus
1662 1363 1836 1407 sumpsit,

1121 1427 1199 1453 non
1243 1418 1324 1463 ipse
1368 1420 1623 1465 praesumpsit
1666 1420 1717 1454 lV
1759 1420 1839 1464 492,

1125 1475 1179 1510 19.
1221 1476 1406 1521 unctioni,
1446 1488 1559 1522 quam
1602 1477 1692 1513 Saul
1731 1489 1838 1515 acce-

1122 1537 1243 1578 perat,
1296 1545 1483 1570 summum
1536 1537 1719 1572 honorem
1772 1548 1838 1573 rex

1123 1593 1262 1640 David,
1289 1596 1375 1640 pius
1403 1596 1465 1632 dei
1491 1607 1638 1642 servus,
1663 1598 1836 1634 exhibuit

1123 1654 1157 1689 II
1207 1655 1287 1700 405,
1339 1656 1394 1692 13.
1446 1656 1637 1693 tolerabat
1687 1656 1838 1694 Saulem

1121 1710 1405 1765 persecutor-em
1477 1727 1599 1762 suum,
1669 1719 1838 1754 occisum

1122 1775 1356 1820 vindicabat,
1395 1778 1580 1814 christum
1620 1779 1735 1814 etiam
1774 1780 1838 1815 do-

1122 1827 1213 1871 mini
1244 1837 1464 1883 appellabat
1494 1839 1528 1874 11
1561 1839 1639 1884 105,
1670 1840 1702 1875 2.
1734 1851 1838 1876 num-

1124 1897 1215 1941 quid
1257 1898 1526 1944 persecutioni,
1569 1910 1682 1944 quam
1723 1911 1838 1946 passa

1124 1961 1183 1992 est
1205 1958 1321 2003 Agar,
1345 1961 1625 2005 comparandus
1649 1965 1707 1996 est
1731 1972 1838 1997 sanc-

1123 2020 1183 2053 tus
1215 2018 1353 2064 David,
1384 2031 1495 2065 quem
1525 2026 1750 2066 persecutus
1780 2026 1839 2058 est

1124 2077 1276 2123 iniquus
1313 2079 1427 2116 Saul?
1463 2082 1516 2116 IV
1551 2083 1583 2125 8,
1621 2083 1675 2117 17.
1712 2083 1838 2119 David

1122 2141 1246 2177 doluit
1278 2142 1455 2178 rebellem
1487 2143 1617 2187 filium,
1649 2144 1696 2179 de
1729 2144 1838 2179 cuius

1124 2202 1246 2238 salute
1289 2205 1480 2239 servanda
1519 2204 1685 2240 sollicita
1724 2205 1838 2241 dilec-

1125 2262 1228 2298 tione
1253 2266 1504 2300 mandaverat
1530 2265 1581 2300 IV
1605 2266 1685 2310 318,
1711 2266 1765 2301 16.
1791 2267 1837 2307 cf.

1124 2322 1179 2365 29,
1228 2323 1280 2358 15.
1328 2324 1452 2358 sancti
1499 2324 1637 2367 David,
1685 2324 1837 2369 quando

1127 2382 1279 2418 inimico
1324 2382 1394 2417 sibi
1437 2383 1476 2417 in
1517 2393 1652 2417 manus
1694 2382 1835 2417 tradito

1123 2443 1329 2478 clementer
1381 2441 1563 2486 pepercit,
1616 2441 1837 2486 praeclaris-

1124 2503 1219 2537 sima
1248 2502 1385 2538 lenitas
1418 2501 1608 2537 eminebat
1638 2502 1690 2536 III
1720 2502 1777 2546 83,
1807 2501 1837 2536 1.

1124 2562 1206 2598 eius
1235 2566 1273 2598 et
1301 2566 1459 2607 peccata
1488 2566 1526 2597 et
1554 2561 1689 2597 merita
1716 2560 1837 2596 fidelis

1125 2626 1315 2668 scriptura
1354 2633 1430 2658 non
1471 2623 1603 2666 tacuit,
1643 2624 1686 2658 ut
1726 2623 1837 2658 scire-

1125 2694 1219 2727 mus,
1246 2687 1284 2718 et
1309 2683 1444 2728 quibus
1471 2683 1593 2718 modis
1619 2674 1696 2718 non
1720 2682 1837 2718 offen-

1124 2743 1278 2778 deretur
1319 2743 1412 2778 deus
1456 2746 1493 2778 et
1535 2743 1671 2788 quibus
1714 2743 1836 2778 modis

1124 2803 1339 2848 placaretur
1374 2803 1544 2839 offensus
1581 2803 1632 2837 III
1669 2804 1746 2847 147,
1783 2804 1836 2837 15.

1124 2863 1250 2899 David
1289 2863 1501 2899 adiutorem
1540 2862 1611 2899 sibi
1650 2864 1761 2900 deum
1800 2866 1837 2899 ct
