2078 3054
292 143 373 189 180

955 160 1096 195 index
1126 160 1167 195 V.

331 275 378 309 ad
407 285 488 309 eam
517 279 803 313 convertantur.
831 285 939 309 orare
970 285 1038 309 nos
1058 278 1060 303 ἱ
1079 274 1106 307 C
1124 274 1390 318 yprianus
1421 285 1557 310 nomen
1587 282 1643 310 est
1673 275 1834 311 duorum

330 332 443 367 (locet
468 332 517 366 IV
547 332 627 378 422,
656 333 707 367 10.

1057 355 1059 359 ψ
1126 332 1405 375 episcoporum,

374 392 559 436 Cypriani
589 393 799 427 auctoritas
827 404 847 427 a
878 383 1058 435 canonisJ

327 450 558 485 auctoritate
596 456 652 484 est
689 450 962 494 distinguenda
1002 450 1034 483 II

326 508 404 551 480,
437 508 488 543 12.
518 508 597 551 481,
627 509 657 542 2.
687 513 823 542 contra
850 508 1034 552 Cypriani

325 565 491 610 aliquam
537 566 768 609 opinionem.
814 566 887 601 ubi.
934 565 1033 610 quod

1468 334 1533 378 qui
1584 334 1621 368 in
1672 335 1834 368 concilio

1126 390 1419 436 Carthaginensi
1447 391 1651 426 adfuerunt
1679 391 1730 425 111
1756 393 1834 435 653,

1124 448 1155 481 5.
1183 448 1213 481 8.

1054 504 1387 557 .C=⁸'1'sia¹¹¹¹⁵
1419 506 1619 550 presbyter
1650 507 1705 550 A„
1735 517 1832 551 quae

325 623 533 658 videndum
564 623 646 666 fuit,
678 623 840 658 fortasse
874 633 949 658 non
980 618 1055 661 vis

323 681 390 724 dit,
426 681 566 716 sentiat
602 681 773 725 quisque,
807 681 907 726 quod
944 681 1054 716 libet,

326 738 378 772 111
415 739 494 782 579,
533 739 590 776 12:
629 739 674 779 cf.
714 738 747 772 11
786 739 863 782 480,
904 739 955 773 13.
994 739 1054 772 in*

323 796 548 840 quaest-ione
591 796 638 831 de
680 796 793 831 Petro
833 801 873 832 et
913 796 1031 830 Paulo
1051 794 1053 843 ξ

1050 899 1052 906 .
1072 850 1100 885 C
1117 862 1139 895 y
1157 861 1179 895 p
1195 862 1212 885 r
1228 851 1237 885 i
1252 862 1275 885 a
1290 863 1313 886 n
1329 863 1351 886 u
1367 862 1384 886 s
1440 852 1626 887 diaconus
1682 852 1830 887 litteras

323 854 508 898 Cypriani
536 854 765 889 sententiam
793 860 946 889 secutus
974 858 1031 889 est

323 912 366 946 A.
401 911 434 945 ΙΙ
463 912 543 955 376,
576 912 627 946 13.
659 911 711 945 ΙΙΙ
744 912 820 957 700,
850 912 885 946 5·.
917 912 964 952 cs.
997 911 1052 945 ΙΙ·

321 970 399 1012 477,
431 970 463 1004 5.
495 968 721 1004 Donatistae
755 975 947 1014 tamquam
981 969 1028 1003 ad

320 1027 484 1071 aliquem
518 1032 669 1071 portum
701 1027 752 1061 sic
785 1027 833 1061 ad
866 1027 1029 1061 auctori-

320 1089 438 1120 tatem
472 1084 656 1129 Cypriani
688 1084 962 1129 confugiebant,
995 1084 1028 1118 11

320 1143 397 1186 483,
420 1142 474 1177 23.
497 1142 540 1177 A.
562 1147 701 1186 monet,
723 1153 768 1177 ne
789 1142 874 1188 quis
894 1147 1029 1177 contra

1050 946 1052 980 l

318 1200 460 1235 divina.
478 1200 699 1235 testimonia
728 1199 907 1245 colligere
934 1200 1025 1235 velit

318 1258 529 1292 calumnias
551 1269 597 1292 ex
620 1258 887 1302 episcoporum
911 1258 1027 1300 scrip-

317 1316 377 1359 tis,
413 1316 511 1351 inter
543 1326 637 1360 quos
668 1315 903 1360 Cyprianum
937 1325 1048 1360 quo-3

317 1384 388 1418 que
422 1373 646 1408 nominatim
678 1373 848 1416 appellat
882 1372 917 1406 II
947 1373 1048 1415 480,1

316 1435 347 1468 9.
383 1434 485 1468 beati
520 1433 705 1477 Cypriani
741 1433 920 1476 pridiana
954 1429 1048 1467 sol-¹

316 1493 493 1528 lemnitas
540 1493 593 1526 111
637 1493 715 1536 387,
764 1493 791 1526 1.
836 1492 1023 1536 psalmum

315 1553 640 1598 septuagesimum
672 1558 707 1588 et
742 1553 951 1588 secundum
982 1553 1025 1587 A.

315 1618 438 1657 nocte,
473 1624 547 1658 qua
582 1612 842 1648 inlucescebat
876 1612 1024 1647 sollem-

315 1673 416 1707 nitas
466 1672 678 1708 beatissimi
727 1672 911 1717 Cypriani
961 1682 1023 1707 ex-

315 1732 442 1775 posuit
473 1731 528 1766 ΙΙΙ
558 1732 634 1775 165,
664 1732 717 1767 12.
745 1732 930 1776 Cypriani
960 1731 1023 1766 sti-

313 1792 371 1827 lus
421 1792 533 1828 habet
583 1792 775 1837 quandam
827 1792 1043 1837 propriam,

313 1851 460 1896 faciem,
504 1863 580 1897 qua
621 1852 744 1895 possit
785 1852 943 1897 agnosci
987 1851 1021 1885 Ιῐ

313 1911 390 1956 483,
419 1912 471 1946 13.
498 1912 683 1956 Cypriani
710 1912 853 1955 scripta
882 1911 916 1945 ΙΙ
942 1911 1021 1954 487,

313 1971 367 2015 23,
394 1971 545 2006 litterae
573 1972 651 2015 483,
681 1972 734 2006 17.
761 1972 839 2015 484,
869 1972 921 2006 14.
962 1970 1019 2005 ‘de

312 2031 522 2066 catholicae
563 2031 748 2066 ecclesiae
788 2031 946 2066 unitate*
986 2030 1019 2065 ΙΙ

310 2091 388 2134 621,
430 2091 482 2125 14.
522 2091 600 2133 622,
638 2090 693 2125 24.
731 2090 788 2125 ‘de
827 2091 1019 2126 dominica

310 2151 496 2186 oratione‘
521 2150 573 2184 IV
598 2151 676 2193 390,
701 2152 732 2186 4.
758 2151 836 2195 404,
862 2151 914 2185 15.
939 2150 1018 2194 422,

313 2211 364 2245 10.
401 2210 599 2254 expositor
635 2211 821 2245 orationis
858 2210 1020 2246 domini-

310 2280 377 2305 cae
419 2270 662 2305 beatissimus
705 2270 923 2315 Cyprianus
967 2269 1018 2304 IV

309 2331 387 2367 407.
425 2331 456 2364 8.
507 2330 564 2365 ‘de
601 2330 731 2374 lapsis‘
778 2330 812 2364 ΙΙ
847 2330 925 2374 523,
964 2329 1017 2364 16.

309 2390 388 2433 524,
416 2390 468 2424 19.
494 2389 572 2434 621,
601 2390 652 2424 18.
680 2389 734 2423 ΙΙΙ
760 2390 839 2434 481,
868 2390 919 2424 15.
958 2389 1015 2424 ‘de

308 2449 553 2485 mortalitate‘
581 2449 675 2485 liber
702 2460 777 2495 qua
803 2449 1015 2485 intentione

308 2509 475 2552 scriptus
504 2509 550 2544 sit
582 2509 632 2542 IV
661 2510 739 2553 419,
771 2509 822 2544 15.
850 2508 1016 2553 epistula

306 2569 355 2603 ad
401 2570 666 2613 presbyterum
714 2569 919 2604 Maximum
981 2568 1015 2602 II

306 2629 385 2673 622,
422 2630 453 2673 7,
487 2629 539 2664 ad'
572 2629 831 2664 Antonianum
867 2629 902 2663 II
936 2629 1036 2671 484,.

306 2689 361 2724 21.
405 2689 571 2733 epistula
615 2689 663 2724 ad
708 2688 931 2724 Iubaianum
977 2689 1013 2723 in

305 2749 467 2784 coneilio
505 2748 799 2793 Carthaginensi
838 2749 1015 2792 primitus

306 2809 464 2843 recitata
495 2814 554 2843 est.
585 2809 617 2842 ll
650 2809 727 2852 481,
763 2810 813 2843 15.

1033 2807 1034 2840 ἕ
1101 2810 1318 2845 memoriam

1125 569 1366 606 poposcerat,
1419 563 1583 608 legenda
1632 564 1732 599 misit
1798 564 1831 598 II

1123 621 1201 664 445,
1227 621 1258 655 2.
1285 630 1343 664 ep.
1371 621 1415 655 92
1431 621 1462 655 A
1502 621 1545 655 A.
1585 632 1669 656 eum
1710 628 1831 666 rogat,

1123 684 1160 712 ut
1222 678 1439 723 epistulam,
1499 689 1612 723 quam
1675 679 1831 714 Italicae

1122 735 1351 779 scripsisset.
1397 737 1445 771 ad
1492 747 1575 771 eam
1621 737 1703 780 ipse
1750 747 1831 780 per-

1122 793 1248 829 ferret.

1121 909 1219 944 inter
1254 910 1296 944 A.
1334 915 1369 944 et
1407 909 1680 954 Hieronymum
1718 910 1829 944 datas

1121 967 1335 1010 perferebat
1376 967 1410 1001 II
1453 968 1530 1011 248,
1571 968 1603 1011 5,
1644 967 1706 1002 ubi
1747 967 1828 1002 eius

1119 1025 1298 1068 studium,
1359 1025 1573 1069 diligentia,
1636 1024 1827 1067 alacritas,

1118 1081 1212 1118 fides
1256 1082 1368 1118 valde
1412 1082 1629 1126 laudantur,
1674 1082 1752 1126 263,
1796 1083 1827 1117 5.

1117 1140 1195 1183 280,
1226 1142 1257 1175 4.
1288 1140 1366 1184 381,
1396 1141 1428 1182 5.
1460 1151 1534 1185 quo
1566 1140 1649 1175 loco
1681 1140 1827 1184 episco-

1118 1207 1206 1241 pum
1237 1209 1321 1233 eum
1355 1199 1496 1233 factum
1528 1209 1611 1233 esse
1643 1198 1826 1241 comperi-

1116 1267 1199 1290 mus
1232 1257 1312 1301 387,
1345 1258 1376 1290 6.
1411 1256 1574 1291 fortasse
1609 1256 1679 1290 fuit
1714 1257 1826 1291 alter-

1116 1319 1199 1348 uter
1225 1313 1371 1348 illorum
1395 1314 1676 1357 episcoporum,
1699 1314 1763 1358 qui
1788 1314 1823 1347 in

1115 1371 1277 1406 concilio
1300 1371 1596 1417 Carthaginensi
1618 1371 1823 1406 adfuerunt

1117 1429 1169 1463 ΙΙΙ
1200 1429 1276 1473 653,
1307 1430 1339 1464 5.
1368 1430 1399 1463 8.

1066 1486 1094 1518 C
1111 1498 1134 1531 y
1151 1496 1174 1529 p
1190 1487 1270 1521 riu
1286 1498 1302 1522 s
1340 1487 1546 1530 episcopus
1585 1487 1823 1530 Epiphanius

1116 1544 1164 1578 n·
1194 1545 1272 1588 447,
1298 1545 1331 1579 3.

1063 1660 1085 1694 d
1101 1670 1122 1695 a
1138 1670 1157 1694 e
1174 1670 1207 1694 m
1222 1670 1244 1695 0
1260 1670 1301 1703 n,
1339 1659 1594 1695 daemonium:
1635 1659 1687 1694 dii
1725 1658 1821 1694 falsi.

1112 1718 1181 1752 hoc
1237 1722 1296 1753 est
1347 1718 1564 1757 daemones,
1617 1717 1679 1761 qui
1735 1721 1822 1752 sunt

1110 1775 1442 1817 praevaricatores
1488 1775 1614 1820 angeli
1662 1775 1694 1808 lI
1741 1776 1820 1811 559.

1111 1833 1164 1867 19.
1212 1833 1424 1877 daemonia,
1470 1834 1541 1868 hoc
1588 1836 1647 1867 est
1693 1832 1821 1877 iniqua

1109 1890 1290 1934 spiritalis
1331 1894 1506 1926 creatura
1547 1890 1585 1925 in
1621 1891 1696 1924 hoc
1738 1900 1821 1934 pro-

1108 1947 1209 1982 ximo
1248 1952 1286 1983 et
1323 1948 1534 1993 caliginoso
1573 1947 1679 1982 eaelo
1718 1947 1820 1982 habi-

1107 2010 1195 2040 tans
1229 2010 1423 2050 tamquam
1458 2005 1495 2039 in
1528 2005 1631 2040 aerio
1664 2015 1816 2040 carcere

1107 2072 1176 2097 suo
1213 2063 1498 2107 praedestinata
1535 2066 1594 2098 est
1632 2061 1817 2106 supplicio

1108 2120 1337 2164 sempiterno
1375 2120 1407 2154 II
1442 2119 1522 2164 562,
1559 2120 1612 2155 13.
1649 2119 1695 2154 de
1731 2119 1817 2154 dat·-

1106 2188 1258 2212 monum
1300 2178 1489 2212 iuratione
1529 2183 1566 2212 et
1604 2178 1650 2212 (le
1692 2179 1813 2217 rebus,

1105 2245 1202 2279 quae
1231 2235 1279 2270 ad
1307 2236 1533 2270 daemonum
1563 2235 1706 2270 cultum
1736 2245 1816 2278 per-

1104 2292 1238 2336 tinent,
1273 2292 1433 2328 maxime
1469 2293 1514 2328 de
1551 2291 1816 2333 immolaticiis.

1105 2350 1136 2384 si
1171 2349 1286 2385 licea-t
1320 2350 1522 2395 quicquam
1561 2360 1690 2385 eorum
1726 2360 1813 2384 con-

1106 2407 1251 2452 tingere
1293 2407 1549 2442 Christianum
1592 2418 1650 2452 ep.
1691 2407 1737 2442 46
1778 2410 1816 2442 et

1103 2465 1158 2499 47.
1198 2465 1405 2501 daemones
1445 2465 1629 2500 nonnulla
1667 2464 1813 2499 faciunt.

1102 2522 1248 2568 angelis
1278 2523 1420 2558 sanctis
1450 2522 1586 2558 similia
1615 2533 1690 2557 non
1718 2522 1811 2557 veri-

1104 2584 1182 2615 tate
1224 2580 1291 2616 sed
1332 2580 1471 2625 specie,
1511 2591 1586 2615 non
1626 2579 1813 2624 sapientia

1103 2637 1169 2671 sed
1198 2637 1308 2681 plane
1336 2637 1489 2672 fallacia
1517 2637 1550 2672 II
1575 2637 1655 2681 572,
1684 2637 1737 2672 12.
1765 2637 1812 2672 ad

1100 2694 1301 2729 daemonia
1361 2694 1597 2730 consulenda
1656 2704 1812 2729 concur-

1102 2762 1182 2786 rere
1219 2752 1250 2786 11
1285 2753 1362 2796 212,
1396 2754 1427 2787 4.
1474 2753 1675 2788 Mediolani
1710 2752 1809 2796 apud

1382 2817 1598 2845 sanctorum
1659 2810 1808 2845 mirabi-
