2078 3054
306 157 392 199 414

355 284 432 326 160,
456 283 488 317 9.
514 281 592 325 465,
616 280 670 316 23.
696 280 747 314 IV
771 280 826 322 74,
853 279 906 313 16.
931 278 1010 319 217,
1033 278 1066 314 3.

353 340 431 383 229,
455 340 487 373 8.
511 338 590 381 247,
616 338 669 371 16.
693 337 771 379 251,
797 337 850 370 14.
875 335 936 370 ille
960 344 1066 369 secu-

351 400 413 430 tus
433 395 575 430 adiecit
596 395 630 428 ΙΙ
648 394 705 437 62,
727 394 781 428 13.
801 393 875 427 iste
894 391 1066 426 similiter

351 453 523 496 sequitur
543 451 595 486 IV
615 451 694 494 269,
713 452 747 485 3.
769 450 826 492 133
846 450 893 490 cs.
914 448 966 482 III
986 448 1066 491 300,

352 509 405 543 10.
430 509 510 553 590,
535 509 566 543 8.

303 575 481 601 serenare
509 576 532 600 a
560 563 690 599 nubilo
721 563 775 599 III
802 564 883 608 317,
912 564 945 598 4.

302 623 547 658 serenissima
601 625 728 658 mente
785 619 959 657 contueri
1015 619 1067 654 IV

348 681 428 726 515,
453 681 486 716 8.

303 739 399 774 serie
453 740 536 784 (pro
588 737 717 783 serio):
770 737 888 773 iocari
939 735 1067 782 potius

350 807 464 842 quam
496 796 594 832 serie
623 806 739 841 agere
770 795 785 829 I
816 796 871 840 40,
904 796 957 830 13.

303 864 425 889 serus:
454 853 685 899 quandoque
713 857 751 888 te
781 863 888 888 serus
917 853 956 887 in
983 862 1068 887 cae-

969 165 1112 201 Index
1138 165 1203 201 VI.

1148 278 1252 323 bant,
1280 289 1366 314 cum
1393 279 1443 323 hi,
1471 278 1509 313 in
1538 289 1699 324 quorum
1725 279 1863 315 litteris

1148 336 1398 380 discerentur,
1431 346 1497 380 per
1532 336 1617 372 illos
1652 337 1864 372 innotesce-

1149 392 1242 427 bant
1268 393 1320 428 IV
1346 393 1425 437 249,
1451 394 1484 428 6.
1511 394 1566 428 sic
1593 421 1602 428 .
1629 421 1638 429 .
1666 421 1674 429 .
1699 404 1760 429 ne:
1789 394 1864 429 alia

1149 450 1202 485 sic
1239 451 1434 495 sumimus,
1468 460 1514 486 ne
1550 451 1757 496 capiamur,
1790 452 1866 487 alia

1148 507 1202 542 sic
1247 507 1415 552 ferimus,
1458 518 1506 543 ne
1548 509 1770 554 frangamur
1811 509 1865 544 III

1149 565 1204 610 78,
1232 565 1287 600 15.

1103 622 1227 658 siccus
1262 634 1285 658 a
1318 623 1484 659 lacrimis
1519 623 1629 660 dolor
1663 624 1698 659 II
1731 625 1811 670 499,
1843 626 1865 660 3

1148 681 1304 725 (Paul.).

1103 738 1366 784 *signaculum
1393 739 1563 775 iustitiae
1591 739 1680 775 fidei
1707 740 1723 775 I
1750 740 1806 785 68,
1835 741 1865 775 1.

1150 796 1203 832 IV
1241 796 1320 842 223,
1357 797 1394 840 33
1434 797 1482 838 cf.
1522 797 1539 832 I
1575 798 1632 842 68,
1670 798 1703 834 8.
1743 808 1771 833 s.
1810 808 1866 832 re-

1149 854 1358 899 demptoris
1386 855 1439 889 IV
1465 854 1521 899 22,
1549 855 1603 891 11.

349 912 428 947 lum
449 911 552 947 tollis
575 911 628 947 IV
648 911 729 956 501,
751 911 797 946 20
817 912 924 956 (Dar.
948 910 1067 945 Hora·
1103 911 1363 958 significativa
1391 912 1579 948 sacrificia
1606 913 1641 948 II
1668 914 1748 959 559,
1775 914 1809 949 7.
1838 924 1866 948 S.

351 970 446 1005 tium
487 968 691 1013 imitatus).

303 1028 333 1062 si
380 1028 561 1063 iteratum
607 1027 815 1063 redundat:
861 1027 894 1062 si
939 1029 1067 1062 autem

1150 970 1323 1016 operatio
1359 970 1412 1006 III
1447 971 1527 1016 618,
1561 971 1594 1015 5,
1631 971 1778 1016 species
1814 971 1867 1006 III

1149 1028 1230 1073 620,
1258 1029 1312 1063 17.

350 1086 584 1121 venerabilis
648 1085 758 1120 nobis
822 1084 1068 1129 omniumque
1104 1086 1324 1122 silvescere:
1369 1090 1411 1122 ut
1454 1089 1559 1122 totus
1603 1097 1696 1132 ager
1733 1078 1868 1123 'amara

349 1147 523 1179 nostrum
554 1146 639 1179 tota
668 1142 890 1179 sinceritate
915 1142 1068 1178 ‘carissi-

351 1212 433 1237 mus
461 1229 468 1237 .
494 1228 503 1237 .
528 1228 535 1237 .
561 1211 678 1237 senex
704 1200 933 1236 Saturninus
958 1201 994 1237 si
1015 1199 1068 1235 di-

351 1264 493 1305 gnatus
517 1260 633 1295 fuerit
657 1259 673 1294 I
697 1260 752 1304 61,
776 1259 832 1294 22.
854 1281 901 1285 -—
923 1259 1069 1303 excipit

1151 1144 1353 1180 sterilitate
1390 1144 1573 1180 silvescat
1608 1145 1661 1180 IV
1696 1145 1776 1191 211,
1813 1147 1867 1181 18.

1149 1201 1278 1237 multis
1324 1202 1506 1247 exemplis
1551 1202 1762 1247 disputatio
1808 1204 1868 1238 sil-

1150 1260 1275 1295 vescit
1301 1260 1354 1295 ΙΙΙ
1379 1260 1458 1305 499,
1486 1261 1541 1296 19.

351 1317 511 1352 utinam:
549 1317 696 1352 utinam
733 1316 837 1361 ipsos
874 1327 951 1352 non
987 1326 1070 1362 per·
1106 1317 1219 1353 simul
1256 1318 1296 1353 in
1335 1329 1452 1354 unum
1491 1329 1575 1354 esse
1615 1319 1670 1353 III
1708 1320 1787 1364 506,
1826 1320 1869 1354 16

351 1379 513 1420 temptet
550 1375 626 1410 ista
665 1375 850 1421 cogitatio
890 1402 898 1409 .
936 1401 945 1409 .
983 1401 992 1409 .
1030 1376 1069 1410 et

1150 1376 1320 1421 (Evod.).

352 1433 438 1469 ideo
469 1433 501 1468 si
531 1434 655 1469 velint
683 1443 815 1469 omnes
846 1443 930 1468 esse
961 1442 1070 1476 prae·
1106 1434 1365 1469 simulatorius
1389 1434 1423 1468 II
1447 1434 1526 1478 362,
1551 1435 1581 1469 1.

352 1492 495 1527 sentes!
522 1491 576 1526 III
601 1492 658 1536 34,
684 1492 737 1526 15.
761 1513 808 1517 —
831 1491 864 1527 si
889 1492 929 1526 in
953 1491 1069 1526 inter·
1105 1491 1320 1527 simulatus:
1379 1497 1516 1527 caveat
1572 1493 1612 1527 in
1666 1493 1867 1528 ecclesiam

351 1550 618 1594 royationibus
658 1550 825 1594 obliquis
865 1559 951 1584 cum
990 1548 1068 1584 ind.

1153 1549 1354 1586 simulatus
1379 1550 1520 1585 intrare
1545 1550 1597 1586 IV
1619 1551 1676 1595 44,
1699 1551 1732 1586 9.

350 1617 386 1642 v.
406 1608 677 1642 ‘indicativus‘.
699 1607 800 1651 vide,
821 1607 854 1643 si
873 1617 950 1642 non
971 1606 1071 1642 dixit
1105 1608 1163 1644 sin
1192 1612 1320 1644 autem
1348 1619 1433 1654 neq.
1450 1624 1491 1637 =
1520 1608 1550 1647 εἰ
1578 1609 1618 1648 δὲ
1647 1611 1697 1659 μή
1726 1608 1760 1642 ΙΙ
1790 1609 1868 1653 104,

352 1665 386 1699 ΙΙ
407 1666 489 1710 380,
514 1665 571 1709 15;
598 1666 645 1707 cf.
671 1664 726 1699 III
749 1665 828 1710 495,
853 1665 875 1699 2
897 1664 1068 1710 (Evod.).

352 1722 418 1758 *ut
444 1723 552 1768 sciat,
580 1723 611 1758 si
638 1723 797 1768 diligitis
823 1733 909 1758 eum
934 1722 989 1757 III
1013 1723 1069 1766 73,

352 1781 385 1815 7.
408 1782 502 1816 satis
524 1791 583 1816 me
602 1780 816 1826 perturbat,
839 1781 870 1816 si
892 1790 1069 1825 soporem

351 1839 542 1883 quendam
567 1839 708 1884 accipit
734 1838 990 1883 animusvipse
1016 1837 1070 1872 III

352 1897 431 1941 493,
456 1896 500 1932 23
526 1897 696 1942 (Evam.
723 1897 815 1943 quid
841 1895 1014 1941 impedit,
1039 1895 1070 1931 si

352 1954 615 2000 unusquisque
659 1954 820 1999 animus,
862 1965 948 1990 cum
989 1964 1070 1989 cor-

353 2022 424 2056 pus
472 2012 544 2048 hoc
593 2012 758 2048 solidum
804 2016 920 2057 caret,
967 2011 1071 2047 aliud

350 2069 490 2104 habeat
510 2069 672 2115 corpus?
691 2070 745 2105 III
763 2069 842 2115 492,
859 2071 881 2106 9
899 2068 1070 2116 (Evod.).

308 2127 361 2162 sic
391 2155 398 2162 .
427 2155 435 2162 .
464 2155 472 2163 .
499 2138 627 2173 quam:
657 2128 749 2173 quid
777 2128 877 2163 enim
906 2127 960 2163 sic
989 2137 1070 2173 per-

354 2186 526 2230 sequitur
567 2186 688 2221 vitam
730 2185 917 2221 bonorum
958 2195 1072 2230 quam

354 2243 438 2278 vita
457 2243 697 2289 iniquorum?
718 2244 770 2279 IV
790 2244 870 2288 590,
891 2244 923 2278 2.
945 2243 999 2279 sic
1015 2269 1023 2278 .
1039 2269 1070 2277 ..

355 2300 400 2335 si:
429 2311 524 2346 quos
552 2301 752 2337 consilium
778 2301 851 2337 fuit
878 2302 931 2337 sic
957 2311 1071 2347 posse

355 2357 499 2403 subripi
534 2359 734 2404 ecclesiae,
771 2359 802 2394 si
837 2370 915 2395 non
950 2358 1072 2394 solum

356 2416 482 2451 subito
523 2417 628 2452 feriri
668 2417 900 2462 iuberentur,
939 2428 1071 2452 verum

356 2474 471 2509 etiam
497 2474 536 2509 in
559 2474 645 2510 loco
670 2475 843 2519 proximo
869 2475 1073 2510 ferirentur

357 2531 410 2566 III
432 2532 512 2576 387,
537 2533 591 2567 10.
614 2533 667 2567 sic

356 2592 436 2623 tum
484 2593 596 2634 putas

356 2646 520 2682 hominis
540 2647 665 2692 dirigi,
686 2648 773 2692 quia
795 2648 876 2683 sine
897 2647 1073 2683 doctrina

356 2704 416 2738 dei
461 2715 539 2739 non
582 2706 616 2739 ei
662 2709 789 2749 potest
834 2706 1073 2740 innotescere

693 2559 700 2566 .
724 2560 731 2568 .
755 2560 763 2567 .
786 2533 888 2577 quia:
913 2532 967 2567 sic
989 2536 1072 2567 tan-

356 2761 501 2796 veritas
530 2762 581 2796 IV
607 2764 687 2806 405,
715 2763 773 2805 203
802 2764 848 2804 cf.
875 2764 931 2807 36,
959 2763 990 2797 2.
1019 2763 1090 2811 sic:

358 2846 365 2853 .
394 2846 400 2852 .
429 2847 436 2853 .
464 2831 563 2854 cum:
593 2820 786 2864 (apostoli)
812 2821 864 2855 sic
893 2830 936 2855 ea
961 2821 1090 2855 ‹loce-1

645 2600 667 2624 a
716 2590 869 2625 domino
917 2599 1072 2635 gressus
1087 2579 1089 2595 ¹

1088 2852 1090 2871 l

1153 1666 1232 1702 ²⁸13.

1106 1724 1304 1760 sinceriter
1338 1734 1478 1769 amare,
1511 1724 1669 1770 diligere
1704 1724 1758 1759 ΙΙΙ
1791 1724 1869 1768 193,

1152 1782 1207 1817 11.
1239 1782 1291 1817 IV
1321 1782 1401 1826 507,
1433 1782 1488 1826 21,
1519 1781 1771 1817 ministerium
1804 1781 1868 1816 ad-

1153 1839 1309 1884 implete
1332 1839 1385 1874 III
1406 1839 1485 1883 249,
1509 1840 1562 1875 18.
1584 1850 1614 1875 s.
1637 1839 1868 1883 carissimus,

1153 1897 1425 1933 dilectissimus
1448 1897 1483 1932 II
1505 1897 1583 1942 221,
1605 1898 1638 1932 3.
1660 1898 1740 1941 394,
1762 1897 1794 1932 2.
1817 1896 1869 1930 IV

1151 1955 1233 1999 302,
1268 1955 1300 1990 2.
1335 1956 1414 2000 451,
1451 1956 1504 1991 13.
1539 1955 1620 1999 603,
1656 1956 1687 1990 7.
1724 1955 1779 1989 16.
1814 1954 1868 1989 26.

1152 2012 1300 2049 iudicas
1343 2016 1452 2048 tanto
1496 2013 1681 2059 sincerius
1726 2016 1869 2057 quanto

1153 2070 1396 2106 innocentius
1432 2070 1485 2105 III
1519 2071 1600 2115 390,
1634 2071 1669 2113 33
1708 2071 1754 2112 cf.
1790 2069 1869 2113 424,

1155 2128 1209 2163 16.
1231 2127 1486 2163 sincerissime
1507 2128 1639 2163 favere
1660 2127 1694 2162 II
1713 2127 1793 2171 382,
1815 2127 1869 2162 19.

1154 2185 1408 2221 sincerissime
1439 2185 1658 2220 carissimus
1688 2185 1723 2220 II
1751 2184 1808 2229 81,
1837 2185 1869 2219 7.

1108 2243 1354 2289 singularitas
1377 2253 1563 2288 personae
1585 2242 1638 2278 ΙΙΙ
1661 2243 1739 2287 164,
1762 2243 1816 2277 14.
1838 2242 1869 2276 si

1153 2301 1202 2336 ad
1235 2301 1539 2346 singularitatem
1572 2300 1716 2345 aliquid
1749 2299 1870 2344 requi-

1154 2362 1260 2393 ratur
1284 2359 1337 2393 ΙΙΙ
1362 2359 1441 2402 508,
1465 2359 1488 2393 4
1512 2358 1682 2403 (Evod.).

1106 2416 1266 2461 singulis
1287 2415 1500 2461 quibusque
1519 2414 1763 2460 opinionibus
1783 2425 1871 2450 con-

1154 2475 1291 2510 trarias
1341 2473 1610 2518 responsiones
1662 2472 1871 2518 adiungere

1122 2561 1125 2564 .
1153 2531 1206 2566 IV
1233 2532 1313 2576 450,
1340 2532 1361 2566 9
1388 2531 1582 2576 (Quodv.).

1109 2589 1255 2624 '³²sitivit
1277 2590 1404 2625 anima
1426 2599 1511 2624 mea
1532 2589 1581 2624 ad
1603 2588 1716 2624 deum
1737 2589 1869 2624 vivum

1155 2647 1206 2682 lV
1232 2647 1287 2692 20,
1314 2648 1368 2682 11.
1396 2647 1474 2691 244,
1501 2648 1554 2682 13.

1110 2704 1190 2740 sive
1221 2732 1228 2739 .
1259 2732 1266 2740 .
1296 2732 1303 2739 .
1333 2705 1414 2740 sive
1442 2715 1527 2740 cum
1556 2705 1653 2739 coni.
1681 2703 1716 2739 ΙΙ
1745 2704 1822 2745 185.
1850 2704 1870 2738 7

1156 2763 1209 2806 (v.
1226 2764 1253 2798 I.
1277 2763 1512 2800 voluerunt).
1533 2763 1611 2800 517.
1627 2762 1799 2805 511163,
1817 2762 1869 2795 11.

1157 2820 1233 2865 125,
1270 2821 1299 2854 1.
1339 2821 1415 2864 126,
1448 2821 1483 2855 8.
1519 2820 1597 2864 255,
1635 2820 1688 2855 18.
1724 2819 1803 2864 260,
1837 2820 1869 2853 8.
