2078 3054
255 152 339 193 220

303 286 418 323 retur,
469 285 509 316 ut
562 281 790 326 ignosceret,
841 279 873 315 si
923 278 1013 325 quid

301 339 434 374 durius
463 345 499 374 ct
529 339 705 383 asperius
734 339 772 373 in
801 350 840 374 se
869 338 1013 373 dictum

301 398 516 441 accepisset
556 397 611 431 ΠΙ
650 397 730 442 332,
768 397 801 432 3.
841 397 920 440 334,
959 395 1013 430 22.

302 455 603 491 Fortunatianus
630 455 837 499 episcopus
864 455 903 489 in
927 464 1015 489 eon—

301 514 389 549 cilio
437 513 735 559 Carthaginensi
781 512 911 554 ,adfuit
960 511 1014 547 111

300 573 379 616 (552,
406 572 437 606 6.

254 630 278 664 1⁴*
294 640 315 664 o
331 641 346 663 r
363 633 378 663 t
392 641 454 665 un
470 634 520 665 at
537 628 585 664 ia
600 640 623 663 n
638 641 662 665 u
678 640 711 674 s,
763 628 1015 675 Tagastensis

299 688 486 724 ecciesiae
509 688 723 733 presbyter,
745 698 831 723 cum
852 687 1014 723 Romam

300 747 555 792 navigaturus
633 751 727 790 erat,
808 746 1014 790 epistulam

300 805 461 840 Paulino
489 805 726 840 reddendam
757 805 805 840 ab
834 804 878 839 A.
908 814 1014 840 acce-

301 863 357 908 pit
382 864 516 908 paucis
541 863 677 899 diebus
703 867 805 907 ante,
831 873 942 908 quam
970 862 1014 898 A.

300 933 358 966 cp.
382 922 425 957 80
448 922 497 957 ad
522 922 689 957 eundum
712 921 832 965 misit,
856 921 900 956 A.
922 932 1014 956 una-

300 981 439 1016 nimem
469 980 587 1015 filium
615 991 701 1016 eum
730 983 846 1015 vocat
872 979 908 1014 II
935 979 1014 1023 347,

302 1039 353 1074 11.
392 1038 493 1074 idem
530 1039 696 1074 fortasse
733 1042 792 1074 est
827 1037 888 1073 ille
925 1038 1014 1072 For-

299 1097 525 1133 tunatianus
574 1097 789 1143 presbyter,
837 1096 915 1142 qui,
949 1096 1016 1131 ad-

301 1156 384 1199 fuit,
426 1166 511 1191 cum
553 1156 597 1191 A.
639 1165 902 1191 successorem
942 1154 1016 1190 sibi

300 1214 531 1260 designabat
558 1214 611 1249 IV
637 1214 717 1258 373,
745 1214 777 1249 3.

255 1272 594 1307 Fortunatus
661 1272 869 1315 episcopus
938 1282 1016 1306 una

301 1341 386 1366 cum
414 1330 555 1376 Alypio
583 1334 621 1366 et
647 1330 690 1365 A.
716 1341 777 1375 ep.
801 1330 846 1365 53
869 1331 919 1365 ad
943 1329 1015 1364 Ge-

299 1400 477 1425 nerosum
537 1388 902 1424 Constantinensem
965 1388 1015 1432 (ll

301 1447 378 1492 154,
408 1448 467 1492 21)
501 1447 617 1492 misit,
648 1457 761 1492 quem
793 1445 1016 1482 Donatista-

299 1517 382 1542 rum
412 1506 567 1552 quidam
596 1506 800 1551 presbyter
828 1505 878 1541 ad
907 1515 1016 1540 suam

300 1568 449 1609 partem
471 1564 625 1600 allicere
645 1564 869 1599 conabatur.
890 1562 1016 1599 eidem

300 1623 345 1658 A.
369 1633 428 1666 ep.
455 1623 521 1658 115
544 1622 708 1658 Faventi
732 1632 889 1657 causam
916 1632 1016 1657 com-

299 1682 459 1717 mendat
485 1691 647 1727 eumque
674 1684 799 1726 rogat,
825 1684 867 1716 ut
893 1679 1016 1716 Gene-

299 1750 388 1775 roso
412 1739 605 1775 consulari
627 1739 777 1776 litteras
799 1749 888 1791 suas
914 1738 1012 1784 (116)

300 1798 430 1834 tradat
462 1802 500 1834 et
530 1798 580 1834 ad
613 1798 737 1842 ipsum
770 1797 936 1842 scriptas
965 1796 1017 1833 le-

301 1862 368 1902 gat
395 1856 431 1891 II
458 1857 537 1902 662,
567 1857 620 1892 14.
647 1857 725 1900 663,
752 1857 784 1892 9.
810 1856 910 1892 inter
937 1856 1017 1900 epi-

302 1924 441 1958 scopos
482 1915 635 1951 concilii
676 1914 892 1950 Milevitani
930 1925 1015 1950 eum

301 1973 420 2008 fuisse
451 1973 553 2008 haud
581 1973 798 2018 negaveris,
827 1976 886 2008 est
915 1972 1016 2007 enim

257 2031 319 2064 1³0
335 2041 351 2065 r
368 2034 420 2065 tu
436 2042 460 2065 n
474 2041 497 2065 a
511 2035 526 2066 t
540 2042 563 2065 u
580 2041 596 2066 s
655 2041 794 2066 nomen
854 2030 1016 2066 duorum

301 2088 583 2133 episcoporum,
639 2089 704 2135 qui
759 2089 798 2124 in
853 2087 1016 2123 concilio

303 2147 527 2183 Milevitano
577 2147 786 2183 adfuerunt
834 2146 890 2181 III
937 2147 1017 2192 663,

302 2206 333 2241 5.
360 2207 391 2241 7.

258 2264 282 2298 1³
298 2274 319 2298 ο
336 2275 351 2298 r
367 2268 381 2299 t
397 2275 421 2299 u
436 2269 596 2299 natus
625 2264 872 2300 Manichacus
899 2264 938 2299 in
963 2264 1018 2299 di-

301 2323 523 2367 sputatione
556 2322 734 2358 devictus
765 2327 838 2366 est,
868 2332 1018 2358 succes-

303 2391 427 2417 sorem
458 2381 590 2416 habuit
621 2392 717 2425 eum,
751 2381 799 2416 ad
831 2391 943 2426 quem
973 2373 1021 2415 A:

302 2449 361 2484 ep.
392 2439 436 2474 79
463 2438 571 2474 dedit
600 2450 685 2474 eum
716 2449 948 2485 provocans,
975 2442 1018 2473 ut

303 2497 471 2533 solveret
496 2497 774 2543 quaestionem,
798 2497 836 2532 in
858 2508 934 2542 qua
954 2497 1018 2536 der

304 2556 459 2592 fecisset
485 2557 723 2591 Fortunatus
750 2555 784 2589 II
808 2555 888 2600 346,
917 2555 970 2590 15.

257 2614 283 2648 κ’
298 2625 320 2649 o
336 2624 353 2648 r
368 2618 381 2649 t
396 2624 421 2648 u
435 2624 459 2648 n
476 2614 486 2648 i
500 2624 523 2648 ιι
540 2625 557 2649 s
606 2613 898 2649 Donatistarum
946 2613 1020 2648 Tu-

304 2673 459 2708 bursicu
497 2677 580 2708 erat
619 2672 826 2716 episcopus
865 2671 901 2705 II
942 2672 1018 2715 109,

307 2731 359 2766 16.
389 2741 457 2774 per
487 2742 599 2776 quam
631 2730 828 2766 civitatem
859 2740 943 2765 eum
975 2729 1018 2764 Α.

305 2789 354 2823 ad
392 2789 603 2823 Cirtensem
644 2788 845 2823 ecclesiam
886 2798 1020 2833 perge-

307 2851 374 2890 ret,
411 2847 561 2891 publice
595 2857 679 2882 cum
712 2857 756 2881 eo
790 2846 1018 2890 disputavit,

924 165 1067 200 Index
1095 166 1139 200 V.

1100 291 1197 325 quae
1254 281 1468 326 disputatio
1522 282 1701 326 exposita
1756 286 1814 318 est

1099 349 1158 383 ep.
1192 339 1248 375 44.
1284 340 1491 375 Fortunius
1528 340 1649 376 vitam
1685 341 1814 376 catho-

1099 397 1260 433 licorum
1305 399 1555 442 prae·³21eabat
1597 399 1814 445 adiungens

1100 465 1166 491 eos
1193 456 1323 492 omnia
1351 457 1446 492 benc
1474 457 1602 493 facere
1629 457 1813 502 potuisse,

1100 513 1133 548 si
1156 513 1194 549 in
1215 513 1381 550 ecclesia
1404 519 1575 550 facerent
1600 515 1635 550 II
1660 516 1737 560 111,
1761 516 1814 551 12.

1099 572 1334 608 contendere
1400 573 1610 609 2.>1Jnabatur
1674 574 1814 620 ubique

1098 634 1286 666 terrarum
1356 641 1439 667 esse
1507 632 1814 668 communionem

1101 699 1208 724 suam
1249 688 1285 723 ΙΙ
1326 689 1403 734 111,
1443 689 1498 724 20.
1539 701 1586 725 ex
1627 701 1673 726 eo
1710 690 1813 737 quod

1099 747 1405 792 persecutionem
1435 758 1551 792 saepe
1577 745 1699 793 ipsius
1724 759 1814 793 pars

1099 805 1335 850 pertulisset,
1359 805 1482 841 voluit
1496 807 1701 842 ostendere
1725 817 1814 842 suos

1099 874 1183 899 esse
1217 863 1459 899 ChriStianos
1489 863 1526 898 Il
1560 864 1638 911 112,
1670 865 1702 900 8.
1736 868 1813 900 tarn

1099 922 1165 958 diu
1232 922 1578 960 transmarinarum
1647 922 1814 967 partium

1098 980 1282 1016 ecclesias
1342 980 1529 1016 mansisse
1590 981 1816 1017 innocentes

1099 1039 1210 1084 dixit,
1262 1039 1384 1074 donec
1436 1039 1726 1075 consensissent
1777 1039 1814 1074 in

1099 1107 1230 1133 eorum
1263 1097 1502 1142 sanguinem,
1533 1097 1598 1143 qui
1631 1097 1816 1133 Macaria-

1099 1167 1186 1191 nam
1221 1156 1530 1201 persecutionem
1565 1156 1816 1201 pertulissent

1101 1213 1136 1248 II
1167 1214 1244 1259 113,
1272 1215 1303 1250 9.
1333 1214 1478 1250 frustra
1504 1214 1659 1251 volebat
1689 1219 1815 1251 osten-

1099 1273 1190 1309 dere
1239 1272 1465 1308 Serdicense
1513 1273 1718 1308 concilium
1766 1273 1815 1308 ad

1100 1330 1306 1375 episcopos
1332 1330 1458 1375 Afros,
1486 1331 1551 1376 qui
1579 1335 1689 1366 erant
1717 1341 1815 1366 com-

1099 1389 1293 1425 munionis
1326 1388 1481 1434 Donati,
1526 1389 1681 1425 dedisse
1717 1389 1816 1424 litte-

1100 1458 1163 1483 ras
1191 1447 1226 1482 ΙΙ
1254 1448 1331 1492 113,
1358 1448 1531 1492 21-114,
1558 1448 1613 1483 25.
1641 1448 1815 1483 narra-vit

1101 1505 1144 1541 A.
1182 1506 1220 1541 in
1258 1506 1344 1550 ipsa
1383 1506 1602 1541 schismatis
1641 1506 1814 1541 nouitate

1100 1564 1266 1613 maiores
1295 1574 1397 1609 suos,
1426 1575 1471 1600 ne
1502 1564 1670 1599 schisma
1697 1564 1814 1607 fieret,

1099 1622 1253 1658 dedisse
1282 1623 1474 1668 quendam
1502 1622 1816 1667 interuentorem,

1101 1681 1201 1716 hunc
1225 1685 1353 1717 autem
1382 1681 1684 1716 interuentorem
1709 1692 1733 1723 a
1756 1691 1816 1715 ca-

1100 1739 1253 1775 tholicis
1275 1750 1359 1775 esse
1382 1739 1563 1783 occisum,
1586 1728 1749 1784 id'quod
1771 1739 1815 1773 A.

1101 1809 1307 1843 numquam
1359 1802 1475 1833 antea
1526 1808 1566 1833 se
1617 1797 1814 1846 audivisse

1101 1857 1244 1892 fatetur
1271 1856 1307 1891 II
1340 1857 1416 1902 115,
1446 1857 1502 1891 23.
1532 1856 1702 1891 animum
1733 1855 1815 1891 eius

1102 1920 1139 1951 et
1167 1914 1407 1950 voluntatem
1436 1915 1571 1950 laudat
1600 1915 1643 1949 A.
1672 1914 1707 1948 ΙΙ
1739 1914 1816 1957 120,

1104 1973 1149 2007 22
1190 1977 1305 2018 atque
1350 1976 1517 2008 aetatem
1562 1972 1813 2007 considerans

1101 2031 1207 2075 prior
1246 2031 1296 2066 ad
1335 2041 1420 2066 eum
1460 2030 1592 2066 venire
1632 2030 1816 2075 dignatus

1102 2093 1161 2125 est
1189 2088 1225 2123 II
1255 2089 1332 2134 109,
1361 2089 1420 2133 213
1449 2092 1606 2133 postero
1636 2088 1697 2123 die
1727 2087 1816 2122 For-

1101 2147 1233 2183 tunius
1257 2147 1366 2183 venit
1393 2147 1443 2183 ad
1471 2146 1515 2182 A.
1542 2146 1578 2181 11
1608 2147 1685 2191 120,
1713 2146 1769 2181 24.

1054 2205 1081 2239 F
1096 2215 1118 2240 ο
1134 2215 1151 2240 s
1167 2215 1184 2242 s
1199 2215 1221 2240 o
1236 2217 1253 2240 r
1309 2209 1544 2240 memoratur
1602 2204 1641 2240 in
1700 2214 1818 2239 causa

1101 2263 1294 2299 Timothei
1318 2263 1354 2298 11
1378 2264 1458 2308 225,
1485 2263 1538 2299 12.

1054 2322 1098 2357 fr
1113 2333 1135 2357 a
1150 2334 1186 2357 m
1201 2333 1221 2358 e
1236 2333 1259 2357 a
1305 2321 1459 2367 gladius
1506 2325 1579 2365 est,
1626 2320 1816 2356 translato

1069 2392 1075 2397 ··
1102 2384 1230 2416 autem
1255 2381 1374 2416 verbo
1400 2380 1548 2416 framea
1568 2379 1701 2425 lingua
1723 2379 1816 2414 dici-

1102 2443 1164 2474 tur
1190 2438 1503 2484 persequentium
1530 2437 1585 2472 III
1612 2438 1689 2482 189,
1715 2437 1769 2472 17.

1056 2497 1208 2532 fraus
1235 2497 1326 2542 quia
1352 2496 1444 2531 fisco
1471 2496 1597 2540 fiebat,
1624 2506 1701 2531 non
1728 2495 1816 2530 ideo

1103 2565 1180 2590 non
1208 2554 1323 2590 fiebat
1350 2554 1386 2589 II
1413 2554 1492 2598 515,
1521 2554 1554 2589 5.

1056 2613 1084 2648 F
1099 2624 1116 2648 r
1129 2625 1154 2649 u
1169 2623 1188 2649 c
1203 2617 1219 2649 t
1232 2624 1258 2648 u
1271 2623 1293 2648 o
1309 2623 1326 2648 s
1341 2623 1365 2647 u
1380 2623 1397 2647 s
1427 2612 1634 2657 episcopus
1662 2612 1700 2646 in
1728 2621 1816 2646 con-

1103 2671 1191 2707 cilio
1240 2671 1537 2716 Carthaginensi
1587 2666 1713 2705 adfuit
1761 2668 1816 2703 ΙΙΙ

1103 2730 1182 2776 653,
1211 2729 1242 2764 1.

1057 2788 1236 2823 fucari
1265 2787 1473 2831 pigmentis
1501 2786 1719 2822 adulterina
1749 2784 1816 2820 fal-

1105 2846 1202 2881 lacia
1231 2850 1288 2881 est
1316 2845 1366 2880 IV
1392 2845 1471 2889 582,
1501 2845 1553 2879 10.
