2078 3054
287 143 366 183 152
955 155 1096 190 lndcx
1126 155 1158 187 V

326 270 553 305 Donatistae
589 268 849 313 intendebant,
883 267 1061 334 probare

1079 266 1106 302 C
1122 277 1145 302 a.
1159 278 1180 303 e
1194 277 1213 303 c
1229 268 1239 303 i
1255 268 1292 303 11
1308 279 1370 304 an
1384 280 1408 304 u
1423 280 1457 315 s,
1484 270 1736 316 magistratus
1765 272 1841 317 Ap-

328 332 538 372 potuerunt
568 327 621 362 III
650 328 729 372 241,
760 325 956 371 113ct.11
985 326 1040 370 99,
1059 336 1061 368 1
1125 326 1418 372 tungitanorum
1453 327 1487 362 11
1521 329 1691 373 410,10.

329 385 575 430 10.111646,
606 386 658 420 16.
689 384 740 419 IV
769 385 802 430 3,
831 385 886 419 24.
918 384 1042 430 elege-

326 448 427 488 runt,
449 444 547 479 sicut
569 443 720 487 dicitur,
740 443 789 478 ad
811 443 906 478 duas
928 452 1042 487 agere

329 512 484 537 causam
526 511 610 536 cum
652 500 873 536 Caeciliano
914 500 1041 544 parati

328 560 377 595 ad
415 564 630 604 utrumque,
671 563 710 594 ut
752 558 941 594 satiarent
980 568 1042 593 cu-

328 618 530 662 piditatem
571 628 690 662 suam,
728 617 760 652 si
798 621 926 652 autem
964 626 1041 651 non

328 679 498 721 possent,
536 675 575 710 in
612 669 746 711 eadem
784 674 1041 719 perversitate

327 734 512 769 durarent
563 732 598 767 ΙΙ
647 731 805 777 101,’7.
855 732 898 768 ‘si
948 743 1043 768 vera

327 796 469 837 essent,
495 802 592 837 quae
618 791 771 827 obiecta
797 795 886 826 sunt
912 790 1042 826 Caeci-

327 850 441 894 liano,
499 854 537 885 et
593 849 704 885 nobis
758 851 920 893 possent
976 848 1043 883 ali-

327 908 481 953 quando
529 907 748 952 monstrari,
794 907 921 951 ipsum
968 907 1042 941 iam

327 965 542 1011 mortuum‘,
615 965 740 1011 inquit
812 965 869 1010 A.,
942 963 1043 999 ‘ana-

329 1024 678 1060 thematizaremus‘
717 1023 770 1058 IV
809 1024 842 1068 3,
882 1023 942 1067 263
995 1023 1042 1065 cs.

328 1082 383 1117 III
411 1083 489 1127 239,
520 1083 573 1118 14.
602 1082 706 1118 orbis
733 1086 922 1117 terrarum
951 1080 1044 1116 Cae-

328 1141 469 1176 ciliano
505 1141 814 1176 communicabat
851 1139 887 1174 II
921 1139 976 1184 92,
1014 1139 1043 1174 1.

330 1199 406 1245 100,
432 1199 487 1234 23.
513 1199 590 1244 108,
613 1199 668 1234 22.
692 1198 903 1234 Caeciliani
927 1207 1045 1232 causa

329 1258 378 1293 ad
419 1257 605 1293 ecclesiae
646 1266 802 1292 causam
843 1266 920 1291 non
960 1265 1044 1300 per-

329 1315 478 1351 tinebat
501 1314 556 1349 III
582 1314 661 1359 241,
685 1315 718 1350 9.
743 1314 823 1358 646,
850 1314 904 1349 14.

281 1372 644 1409 Caecilianus
707 1377 750 1408 ut
816 1381 884 1415 per
947 1371 1044 1406 alias

1079 382 1107 419 C
1122 394 1144 419 ἃ
1159 395 1178 420 θ
1194 395 1213 420 C
1228 396 1240 419 l
1255 384 1290 419 l
1282 396 1293 420 l
1307 396 1330 420 a
1345 397 1369 420 n
1384 387 1840 433 11ὲ“ΘΧ(]1111Π1ν1Υ,0111118

1126 452 1185 486 ep.
1208 442 1426 489 Ingentium
1450 444 1612 481 falsasse
1635 446 1841 481 contende-

1126 501 1239 536 batur
1268 500 1304 535 ΙΙ
1329 501 1409 547 410,
1445 502 1493 537 18.

1080 557 1383 604 Caecilius,
1435 559 1535 595 filius
1587 559 1743 606 Celeris,
1797 560 1840 596 A.

1126 616 1350 653 carissimus
1380 617 1415 651 II
1444 618 1523 663 215,
1554 618 1607 653 13.

1081 673 1410 711 Caelestina
1451 676 1622 711 haeresis
1667 676 1719 711 IV
1761 678 1840 722 300,

1127 734 1162 777 23
1195 743 1229 769 v.
1259 733 1486 769 Caelestius.

1081 790 1441 827 Caelestinus
1465 791 1653 827 diaconus
1677 792 1843 828 aRoma

1128 850 1177 885 ad
1202 849 1244 884 A.
1272 849 1492 895 scripserat,
1516 850 1577 885 cui
1600 850 1663 886 ille
1685 861 1843 896 respon-

1128 907 1186 943 (lit
1215 918 1274 952 ep.
1306 907 1374 943 192
1403 918 1471 952 per
1501 908 1694 953 Albinum,
1725 908 1844 944 eccle-

1129 965 1207 1001 siae
1257 965 1455 1001 Romanae
1507 966 1730 1011 acolythum
1791 965 1844 1001 IV

1130 1024 1206 1068 165,
1245 1023 1298 1059 16.
1334 1024 1398 1070 qui
1434 1033 1519 1060 cum
1554 1024 1593 1059 in
1628 1024 1718 1060 sede
1752 1034 1844 1069 apo-

1129 1082 1268 1117 stolica
1308 1092 1413 1126 papa
1453 1086 1556 1118 esset
1597 1082 1844 1128 constitutus,

1129 1140 1173 1175 A.
1207 1140 1242 1176 ei
1274 1140 1541 1186 gratulabatur
1574 1145 1613 1176 et
1642 1140 1845 1177 Fussalen-

1130 1199 1227 1234 sium
1309 1208 1465 1234 causam
1549 1198 1845 1235 commendabat

1130 1266 1190 1300 ep.
1239 1257 1318 1292 209.
1379 1266 1419 1292 se
1471 1257 1567 1292 scire
1616 1256 1710 1292 dicit
1759 1267 1845 1291 cum

1129 1315 1243 1350 valde
1278 1324 1514 1359 propensum
1549 1315 1598 1349 ad
1633 1314 1846 1351 misericor-

1130 1373 1233 1408 diam
1262 1383 1347 1409 esse
1376 1371 1430 1407 IV
1459 1373 1539 1417 350,
1568 1372 1623 1408 22.

330 1431 485 1467 Africae
539 1434 664 1466 terras
719 1430 861 1466 unitati
915 1429 1043 1464 catho-
1063 1451 1066 1485 4
1083 1430 1110 1465 C
1127 1441 1150 1465 a
1164 1430 1244 1466 ele
1260 1441 1276 1465 s
1293 1435 1306 1466 t
1323 1431 1333 1465 i
1348 1441 1411 1465 nu
1427 1441 1460 1476 s,
1496 1431 1546 1466 ad
1580 1441 1692 1476 quem
1728 1440 1786 1475 ep.
1804 1430 1847 1465 18

329 1489 426 1526 licae
450 1489 616 1525 mirabili
640 1488 817 1525 efficacia
840 1487 1044 1531 consuluit,

330 1548 386 1583 ita
427 1547 751 1592 Hipponiensium
794 1556 946 1592 quoque
990 1556 1046 1581 re-

329 1606 483 1651 gionem
537 1605 763 1650 praesidiali
815 1604 933 1639 edicti
986 1600 1066 1645 sui:

329 1664 464 1710 vigore
525 1667 661 1699 contra
718 1662 945 1698 Donatistas
1004 1665 1047 1696 ut

331 1723 548 1766 adiuvaret,
598 1722 642 1757 A.
696 1720 838 1766 petivit
890 1730 949 1764 ep.
991 1719 1045 1755 86.

332 1781 382 1816 ad
423 1780 587 1816 eundem
629 1780 723 1815 data
764 1783 822 1815 est
862 1788 924 1822 ep.
968 1777 1047 1822 151,

332 1849 409 1884 qua
462 1838 541 1874 fere
595 1842 679 1873 tota
731 1837 794 1873 de'
834 1835 1046 1872 Marcellini

331 1901 454 1932 morte
502 1897 583 1941 agit
630 1900 668 1932 et
714 1895 887 1939 exponit,
933 1904 1068 1940 quams

334 1960 482 1999 partem
507 1954 751 1990 Caecilianus
774 1954 811 1988 in
836 1953 907 1987 hac
930 1962 1068 1994 causa‹;

335 2012 514 2047 habuisse
560 2011 770 2055 videretur,
814 2021 1046 2056 quamquam

334 2070 415 2115 ipse
455 2080 540 2105 eum
583 2069 683 2104 illius
724 2068 921 2104 crudelitis
963 2078 1050 2102 auc-

333 2133 455 2163 torem
481 2127 543 2163 vel
568 2128 798 2171 participem
825 2126 944 2162 fuisse
971 2135 1047 2160 non

334 2186 508 2221 crederet
551 2185 605 2219 III
645 2186 725 2226 384,
765 2186 797 2220 3.
837 2184 916 2229 384,
957 2184 1049 2219 29—

332 2245 411 2288 385,
440 2245 473 2279 9.
501 2244 581 2289 386,
610 2244 662 2279 16.
691 2245 769 2288 387,
799 2244 854 2279 21.
885 2244 940 2279 25.
968 2244 1048 2288 390,

333 2303 365 2337 2.
408 2302 487 2346 391,
534 2303 587 2337 13.
632 2303 680 2338 de
725 2302 903 2346 epistulis
949 2302 1048 2337 inter

333 2360 593 2395 Caecilianum
679 2365 715 2395 ct
790 2360 1048 2405 Augustinum

334 2418 461 2453 missis
498 2418 746 2464 acceptisque
786 2418 840 2452 III
877 2418 956 2462 382,
995 2417 1048 2452 12.

334 2477 413 2519 383,
446 2476 500 2510 24.
535 2476 741 2520 epistulam
776 2485 901 2520 papae
938 2476 1069 2510 Iuno-³

335 2534 436 2569 ccnti
466 2534 708 2569 Caecilianus
735 2544 802 2578 per
832 2534 971 2569 fratres
999 2527 1070 2568 adi

337 2592 594 2637 Augustinum
636 2592 740 2627 misit-
780 2591 833 2625 111
873 2592 953 2636 383,
996 2591 1070 2636 14.4

336 2650 635 2686 catechumenus
674 2650 789 2685 ctiam
829 2653 908 2685 tum
947 2637 1070 2687 vole-2

335 2709 402 2743 bat
432 2719 528 2744 esse.
560 2719 645 2743 cum
681 2708 723 2742 A.
755 2708 828 2743 iam
862 2707 900 2742 in
933 2707 1051 2742 fideli-

337 2767 407 2800 bus
460 2777 545 2801 eum
601 2766 731 2801 haberi
784 2770 942 2810 cuperet
996 2756 1072 2811 ΙΙΙ]ἰ

337 2824 417 2868 392,
445 2823 498 2858 12.

1130 1489 1224 1524 data
1258 1493 1328 1525 est.
1365 1489 1409 1524 A.
1446 1489 1481 1524 ei
1518 1488 1676 1524 miserat
1711 1489 1846 1524 adver-

1132 1558 1215 1582 sum
1253 1547 1500 1582 Manichaeos
1536 1547 1667 1593 libros,
1703 1547 1767 1592 qui
1805 1550 1846 1581 ut

1131 1605 1206 1640 iam
1242 1605 1530 1641 remitterentur
1564 1615 1648 1640 cum
1686 1604 1848 1649 rescrip-

1132 1663 1194 1708 tis,
1223 1663 1364 1707 petivit
1394 1663 1411 1698 I
1439 1663 1495 1708 45,
1525 1662 1557 1698 2.

1085 1721 1446 1757 Caelestinus
1522 1721 1726 1766 presbyter
1804 1719 1847 1755 A.

1132 1780 1319 1815 mandatu
1348 1780 1397 1815 ad
1428 1779 1693 1815 Florentinum
1724 1779 1847 1824 legem

1133 1838 1302 1883 aliquam
1339 1837 1438 1881 tulit,
1475 1847 1549 1882 quo
1589 1848 1672 1872 eam
1709 1846 1850 1882 cogno-

1135 1900 1258 1931 sceret
1287 1895 1323 1929 II
1351 1896 1430 1939 660,
1457 1895 1512 1930 20.

1087 1952 1408 1989 Caelestius
1470 1958 1508 1989 et
1567 1953 1749 1999 Pelagius
1811 1954 1848 1988 in

1137 2011 1355 2055 superbiam
1377 2011 1605 2057 sacrilegam
1627 2011 1849 2047 extollendo

1133 2069 1294 2105 liberum
1327 2069 1527 2105 arbitrium
1559 2069 1705 2105 nullum
1738 2069 1850 2105 relin-

1134 2128 1303 2172 quebant
1342 2127 1468 2163 locum
1506 2128 1655 2174 gratiae
1694 2127 1757 2163 dei
1794 2127 1848 2162 III

1133 2186 1213 2230 655,
1260 2186 1291 2221 9.
1340 2195 1523 2221 suasuros
1569 2195 1609 2221 se
1657 2185 1848 2230 aliquibus

1134 2254 1218 2279 esse
1246 2243 1492 2279 confidebant
1518 2254 1587 2279 nos
1613 2243 1847 2278 adiutorium

1134 2301 1195 2337 dei
1244 2312 1313 2337 nec
1360 2301 1500 2337 debere
1547 2312 1731 2347 quaerere
1779 2311 1848 2336 nec

1135 2370 1248 2405 cgere
1277 2359 1331 2393 III
1362 2360 1440 2404 709,
1470 2360 1504 2403 93
1537 2360 1583 2401 cs.
1615 2360 1693 2403 719,
1723 2359 1848 2394 8—13.

1134 2417 1412 2461 praedicabant
1448 2413 1631 2462 p'arvulos
1667 2420 1848 2452 aeternae

1135 2475 1239 2511 vitae
1274 2475 1457 2520 praemiis
1489 2475 1605 2510 etiam
1642 2475 1723 2510 sine
1757 2476 1849 2518 bap-

1135 2533 1301 2568 tismatis
1357 2533 1483 2578 gratia
1541 2542 1655 2576 posse
1712 2531 1849 2567 donari

1136 2591 1190 2626 III
1227 2592 1303 2636 720,
1340 2591 1375 2635 63
1413 2591 1459 2632 cf.
1496 2591 1575 2635 660,
1612 2590 1665 2625 13.
1701 2590 1781 2634 666,
1819 2590 1848 2624 1.

1137 2660 1367 2695 quamquam
1390 2659 1458 2693 per
1479 2648 1712 2693 baptismum
1733 2648 1849 2684 etiam

1138 2707 1385 2751 parvulorum
1425 2706 1506 2742 ficri
1544 2706 1848 2750 redemptionem

1137 2764 1264 2800 libello
1292 2775 1360 2799 suo
1387 2764 1602 2799 Caelestius
1627 2765 1665 2799 in
1691 2764 1849 2799 Cartha-

1070 2816 1072 2859 ἷ
1136 2823 1288 2868 ginensi
1328 2822 1493 2858 ecclesia·
1533 2822 1607 2857 iam
1648 2821 1848 2857 confessus
