2078 3054
277 172 362 213 422

279 301 380 336 unde
397 316 437 329 z
454 300 500 335 de
528 311 604 345 qua
629 310 682 335 re:
711 299 812 334 unde
838 308 938 334 nunc
965 298 1041 333 dis-

326 357 539 402 putandum
566 367 642 392 non
669 360 728 392 est
753 384 760 391 .
787 384 794 391 .
820 384 827 391 .
853 356 954 391 unde
980 366 1039 391 me

941 184 1083 219 Index
1111 184 1173 219 VI.

1123 297 1330 335 Caeciliani
1367 301 1415 336 ad
1452 301 1718 346 imperatorem
1755 301 1838 337 mit-

1122 357 1226 393 tere?
1254 358 1288 393 II
1313 358 1393 403 411,
1419 359 1474 394 12.

324 414 599 450 consulendum
631 413 776 458 putasti
807 413 842 448 ΙΙ
873 413 951 457 131,
985 413 1039 448 10-
1076 420 1224 466 uspiam
1263 421 1536 467 scripturarum
1575 423 1628 458 111
1664 424 1744 468 527,
1783 424 1837 459 10.

323 472 424 508 unde
452 471 604 507 minime
633 471 852 506 dubitamus
879 471 933 505 III
959 471 1040 514 347,

323 531 360 573 43
387 529 434 572 ct.
462 529 498 564 II
522 529 602 574 511,
630 529 685 565 28.
714 529 793 573 719,
819 529 853 564 9.
881 528 934 563 III
961 528 1040 572 153,

323 587 379 623 20.
413 587 493 632 196,
525 587 580 622 15.
613 587 693 631 240,
722 587 756 622 9.
788 586 868 631 362,
901 586 955 622 18.
987 585 1041 621 IV

325 645 403 689 170,
428 645 483 680 19.
507 645 586 688 557,
610 644 643 679 5.
667 644 748 689 558,
772 644 827 679 18.
850 643 938 679 hinc
964 670 971 678 .
997 672 1005 680 .
1030 669 1039 679 .

323 701 425 738 unde
450 702 504 737 III
527 702 607 747 241,
632 701 688 737 22.
711 717 814 731 -=
831 712 878 738 ex
902 700 1040 747 quibus

323 758 451 796 rebus:
488 760 589 796 unde
627 759 718 805 quid
753 759 876 806 magis
911 759 1040 796 dolen-

324 818 414 854 dum
454 818 514 863 sit,
553 817 663 854 vides
703 817 757 853 III
794 819 827 861 4,
866 818 898 853 7.
935 833 1039 847 —=

324 886 401 921 qua
435 886 489 911 re:
527 875 629 912 unde
665 875 875 911 invisibilia
908 875 1041 911 viden-

323 937 386 968 tur
420 933 493 969 nisi
529 933 651 969 oculis
687 932 837 969 cordis?
873 933 927 968 III
960 933 1041 978 341,

323 991 383 1035 263
418 991 466 1033 ct.
500 991 554 1027 IV
585 991 666 1035 558,
701 991 733 1026 2.
765 1002 962 1037 —=qua
993 991 1039 1027 de

325 1059 456 1084 causa:
495 1059 581 1085 cum
619 1048 723 1093 illud,
761 1049 862 1085 unde
900 1049 1040 1095 pellen-

324 1107 396 1143 dus
421 1110 491 1152 est,
516 1107 651 1143 fecerit
674 1107 709 1142 II
731 1107 812 1152 398,
835 1108 868 1142 5.

276 1164 443 1211 ungulae
473 1166 666 1201 cruciatus
694 1165 729 1199 Π
757 1165 813 1209 95,
842 1166 896 1201 19.

276 1223 512 1259 unicornuus
551 1226 590 1258 et
626 1223 837 1258 unicornis:
877 1223 922 1258 *a
960 1233 1041 1259 cor-

323 1280 435 1316 nibus
466 1281 764 1316 unicornuorum
794 1280 848 1315 ΙΙΙ
877 1281 956 1325 190,
984 1280 1040 1315 24.

324 1339 362 1373 in
405 1338 654 1374 unicornibus
699 1337 852 1384 superbi
896 1338 1041 1374 intelle-

323 1399 466 1442 guntur
491 1396 544 1431 III
569 1396 648 1441 191,
674 1396 705 1432 1.

277 1454 518 1490 uniformiter
558 1454 611 1489 IV
650 1454 730 1499 466,
773 1455 815 1490 13
856 1454 1039 1500 (Prosp.).

278 1512 524 1558 *unigenitus
558 1512 659 1548 filius
693 1511 748 1547 III
784 1512 862 1557 193,
894 1512 928 1548 5.
961 1512 1040 1557 290,

324 1571 357 1605 7.
384 1570 443 1615 19;
468 1570 514 1612 cf.
540 1570 596 1615 20,
621 1571 653 1606 4.
678 1570 758 1614 320,
783 1570 815 1605 5.
840 1570 920 1614 327,
946 1570 968 1605 2
992 1571 1039 1606 al.

325 1628 546 1674 unigenitus
567 1629 687 1664 subst.
707 1628 762 1663 III
782 1628 862 1673 296,
885 1628 939 1663 17.
959 1628 1041 1672 510,

326 1686 370 1721 12
394 1686 563 1730 (Evod.).
588 1686 641 1721 IV
667 1686 745 1731 161,
772 1686 827 1722 13.
853 1685 1041 1732 unigeniti

325 1743 520 1788 divinitas,
546 1753 697 1788 nomen,
722 1743 882 1779 verbum
908 1743 961 1779 IV
985 1744 1042 1788 99,

326 1802 357 1836 8.
389 1802 465 1846 117,
498 1802 552 1837 14.
583 1802 639 1837 22.
851 1845 858 1851 ⁴

280 1860 475 1904 unissime,
505 1864 547 1895 ut
576 1860 629 1895 ita
660 1860 798 1907 dicam,
828 1860 1042 1896 adhaerens

326 1918 394 1953 tibi
426 1917 461 1951 II
490 1918 568 1962 635,
599 1919 620 1953 9
649 1918 785 1962 (Seu).

278 1975 415 2010 unitio:
446 1975 608 2011 conexio
636 1979 750 2021 atque
778 1975 901 2011 unitio
927 1975 1042 2011 ratio-

326 2032 385 2068 nis
411 2033 461 2068 ad
487 2033 600 2068 deum
626 2036 664 2069 et
690 2033 752 2069 dei
779 2033 829 2069 ad
855 2033 1042 2069 rationem

326 2090 380 2125 III
403 2090 483 2134 505,
509 2091 563 2126 13.
589 2091 759 2135 (Evod.).

279 2148 562 2184 universaliter:
601 2148 792 2193 (litterae),
828 2149 910 2185 sive
944 2158 1042 2194 quae

328 2205 544 2251 specialiter
568 2206 617 2242 ad
640 2206 756 2242 Afros
780 2206 861 2243 sive
885 2217 982 2252 quae
1006 2217 1042 2241 u.

326 2264 375 2299 ad
418 2274 551 2300 omnes
591 2265 797 2308 episcopos
838 2268 1044 2300 manarunt

326 2321 379 2356 IV
409 2321 486 2365 157,
516 2322 574 2365 19;
602 2322 649 2363 cf.
678 2322 758 2366 460,
787 2322 831 2357 17
859 2321 1042 2367 (Prosp.).

280 2389 393 2413 unus:
422 2377 534 2414 simul
561 2380 599 2415 in
627 2390 744 2415 unum
772 2389 855 2415 esse
883 2380 937 2414 III
962 2379 1042 2423 506,

330 2437 373 2471 16
409 2437 578 2480 (Evod.).
618 2437 813 2473 *habitare
852 2438 890 2472 in
926 2448 1041 2473 unum

330 2494 384 2528 III
409 2495 465 2538 39,
492 2494 545 2528 15.
572 2495 650 2539 250,
676 2495 708 2529 3.
735 2494 787 2528 IV
812 2495 868 2539 32,
895 2495 949 2530 24.

282 2550 435 2586 urbicus
476 2550 642 2596 quidam,
680 2551 834 2587 urbicus
874 2552 1044 2597 disputa-

329 2612 389 2643 tor
423 2609 528 2653 apud
562 2609 796 2645 casulanum
830 2609 865 2644 II
898 2610 955 2655 32,
989 2610 1043 2645 25.

328 2667 384 2711 37,
415 2666 470 2702 21.
499 2667 556 2711 49,
586 2666 618 2701 9.

283 2723 506 2769 urguentior
532 2723 633 2759 actio
660 2724 694 2758 II
720 2725 776 2768 58,
804 2725 858 2760 17.

282 2797 443 2832 urguere
473 2798 558 2822 cum
586 2798 664 2823 acc.
694 2791 732 2822 et
759 2788 842 2829 ints
871 2788 956 2833 quis
984 2798 1043 2823 ur-

329 2844 472 2890 guebat
505 2845 668 2881 maiores
703 2848 854 2881 vestros
889 2856 1045 2881 causam

1075 500 1196 535 usque
1232 501 1382 536 quaque
1418 491 1472 526 III
1506 492 1562 536 93,
1597 492 1619 527 6
1654 495 1693 528 et
1727 493 1783 537 94,
1816 493 1839 528 6

1122 548 1286 593 (ΜΨ-6.).
1319 549 1399 594 411,
1432 550 1464 586 6.
1497 550 1577 594 671,
1611 551 1665 586 18.
1698 550 1750 586 IV
1782 551 1838 594 24,

1122 606 1155 642 2.
1183 616 1304 652 usque
1332 606 1458 644 adhuc
1486 607 1540 643 III
1567 607 1647 652 201,
1674 608 1730 644 *9.
1758 608 1837 653 224,

1123 664 1201 700 *20,
1226 664 1351 701 adhuc
1374 675 1496 711 usque
1520 666 1574 701 III
1598 667 1677 711 152,
1701 667 1734 702 8.
1759 667 1838 711 238,

1123 722 1178 759 18.
1201 722 1256 759 IV
1278 723 1357 768 287,
1381 723 1436 759 12.
1458 725 1538 769 377,
1564 724 1595 759 1.
1618 724 1692 760 huc
1717 735 1838 770 usque

1123 781 1158 816 II
1192 782 1278 826 303,
1319 781 1363 817 14
1405 782 1454 826 (v.
1494 782 1517 817 l.
1559 793 1660 818 nunc
1681 793 1837 829 ,usque3

1123 839 1255 884 Hier).
1294 850 1414 885 usque
1453 840 1567 876 hodie
1605 840 1641 875 II
1678 841 1757 886 303,
1797 842 1839 876 13

1123 897 1274 942 (Hier.).
1313 907 1436 943 usque
1473 908 1574 934 nunc
1614 898 1650 934 II
1687 899 1768 944 554,
1805 899 1838 934 5.

1125 955 1179 990 III
1202 957 1282 1001 558,
1306 956 1361 994 *1.
1384 956 1463 1001 564,
1490 956 1568 992 *11.
1593 956 1646 991 IV
1669 957 1747 1002 267,
1773 957 1840 992 *18

1123 1013 1170 1049 al.
1198 1024 1299 1049 nunc
1326 1023 1448 1059 usque
1475 1013 1511 1049 II
1536 1014 1593 1060 71,
1619 1015 1652 1050 8.
1679 1014 1733 1050 III
1759 1014 1839 1059 564,

1124 1071 1178 1107 13.
1208 1072 1289 1116 586,
1317 1072 1350 1108 5.
1381 1082 1502 1118 usque
1532 1072 1646 1110 modo
1677 1072 1731 1108 III
1759 1072 1839 1118 542,

1123 1129 1202 1165 *11.
1231 1130 1481 1176 quoadusque
1510 1131 1563 1166 IV
1590 1131 1669 1177 238,
1699 1131 1755 1167 *2.

1075 1204 1117 1235 ut
1161 1204 1378 1244 opportune
1425 1201 1483 1244 (z
1511 1205 1553 1236 ut
1594 1201 1840 1245 opportunis-

1124 1256 1233 1303 sime)
1260 1259 1430 1304 potuerit
1455 1258 1510 1294 III
1537 1258 1615 1303 156,
1642 1259 1697 1294 19.
1724 1279 1773 1285 -—
1797 1262 1840 1294 ut

1125 1315 1156 1351 si
1176 1326 1262 1352 cum
1283 1316 1360 1352 ind.
1380 1316 1639 1362 subsequente
1660 1318 1839 1352 coniunc-

1126 1375 1206 1410 tivo
1230 1374 1284 1409 III
1307 1374 1387 1419 704,
1410 1375 1432 1410 8
1459 1375 1516 1419 (ut
1541 1374 1573 1410 si
1597 1375 1770 1411 medicus
1785 1404 1793 1411 .
1808 1403 1816 1411 .
1831 1402 1840 1410 .

1123 1432 1349 1468 aestimat..
1365 1461 1373 1468 .
1399 1432 1624 1469 adhibet...
1651 1437 1839 1478 amputet;

1124 1490 1285 1535 Imma).
1309 1495 1351 1526 ut
1372 1491 1437 1537 qui
1459 1501 1545 1526 cum
1568 1492 1645 1527 ind.
1669 1491 1704 1526 II
1725 1492 1805 1536 234,
1819 1492 1840 1527 8

1128 1549 1287 1594 (utqui.
1302 1577 1310 1585 .
1325 1560 1442 1585 ausus
1458 1553 1517 1585 est
1538 1560 1586 1584 ex
1607 1551 1841 1592 coniectura,

1125 1606 1236 1642 codd.
1266 1610 1303 1642 et
1332 1606 1423 1652 qui).
1451 1627 1499 1633 —
1525 1610 1567 1642 ut
1595 1618 1665 1653 pro
1694 1618 1773 1643 acc.
1802 1611 1842 1643 et

1125 1665 1208 1706 ints
1244 1664 1299 1699 ita
1337 1667 1507 1709 censent,
1544 1668 1586 1700 ut
1626 1664 1840 1711 (imagines)

1124 1721 1227 1758 exire
1270 1733 1293 1758 a
1335 1732 1495 1767 corpore
1538 1726 1578 1759 et
1617 1722 1750 1759 venire
1791 1722 1841 1758 ad

1124 1779 1257 1816 oculos
1286 1780 1434 1825 possint
1463 1780 1498 1815 II
1525 1781 1605 1826 694,
1633 1781 1688 1817 23.
1717 1791 1841 1826 spero,

1125 1838 1216 1883 quin
1264 1839 1379 1874 etiam
1428 1849 1607 1884 auguror,
1655 1842 1698 1874 ut
1746 1839 1840 1875 haec

1125 1896 1209 1941 ipsa
1244 1896 1428 1932 bellorum
1465 1897 1598 1934 dilatio
1635 1896 1741 1942 pacis
1777 1898 1842 1932 ha-

1124 1954 1213 1990 beat
1264 1958 1472 2000 teneatque
1520 1955 1738 1991 firmitatem
1789 1955 1842 1990 IV

1123 2012 1204 2057 501,
1245 2012 1361 2047 6—10
1401 2013 1538 2057 (Dar.).
1579 2035 1627 2040 --
1666 2017 1710 2048 ut
1750 2012 1841 2058 quid

1124 2069 1201 2117 (ἵνα
1218 2070 1268 2117 τί)
1303 2081 1439 2115 :cun
1476 2081 1608 2116 quare:
1647 2070 1714 2106 *ut
1751 2071 1841 2117 quid

1125 2127 1283 2173 diligitis
1306 2128 1541 2164 vanitatem?
1564 2128 1599 2163 II
1619 2128 1699 2173 324,
1720 2130 1752 2164 6.
1775 2128 1840 2163 *ut

1126 2186 1218 2231 quid
1245 2197 1304 2223 me
1332 2186 1592 2232 dereliquisti?
1620 2187 1673 2221 III
1702 2187 1780 2231 156,
1807 2188 1840 2222 9.

1127 2244 1205 2288 165,
1241 2244 1299 2288 233
1342 2245 1403 2288 (ei.
1442 2244 1520 2289 166,
1558 2245 1613 2280 17.
1651 2245 1729 2289 167,
1766 2245 1839 2289 20);

1126 2306 1328 2347 praeterea
1361 2302 1396 2337 II
1429 2302 1509 2347 324,
1543 2303 1575 2337 7.
1608 2303 1688 2347 395,
1720 2304 1754 2338 5.
1787 2302 1841 2337 III

1125 2359 1181 2403 56,
1208 2360 1240 2395 8.
1267 2360 1323 2404 67,
1351 2361 1405 2395 14.
1434 2360 1511 2405 142,
1536 2361 1570 2396 3.
1598 2360 1675 2405 179,
1702 2361 1734 2396 8.
1761 2361 1840 2403 238,

1128 2417 1158 2452 1.
1187 2417 1266 2462 273,
1294 2418 1325 2453 4.
1352 2418 1387 2453 5.
1415 2418 1494 2462 452,
1523 2419 1555 2453 7.
1582 2417 1661 2462 693,
1690 2419 1732 2453 14
1760 2429 1841 2454 sae-

1124 2475 1294 2519 pissime.

1080 2548 1284 2590 utcumque
1312 2549 1405 2589 puto
1431 2556 1514 2583 esse
1540 2546 1762 2590 responderi
1788 2545 1840 2580 III

1127 2602 1205 2647 492,
1234 2603 1254 2637 7
1282 2602 1449 2648 (Evod.).
1655 2602 1661 2606 '

1081 2674 1254 2718 uterque:
1297 2672 1414 2708 habes
1453 2672 1515 2707 hic
1554 2675 1715 2717 utraque
1756 2672 1840 2718 (pro

1127 2729 1355 2775 utrumque),
1390 2733 1427 2765 et
1460 2740 1534 2774 quo
1568 2730 1719 2766 cantico
1754 2740 1841 2766 can-

1127 2790 1296 2822 taturum
1333 2798 1372 2823 se
1409 2788 1548 2823 dixerit
1584 2791 1623 2824 et
1658 2788 1696 2822 in
1732 2788 1839 2823 cuius

1128 2845 1313 2881 ecclesiae
1344 2846 1468 2881 medio
1498 2845 1551 2880 III
1581 2846 1658 2890 192,
1687 2846 1721 2881 8.
