2078 3054
0 3004 7 3054 ..2:—
0 2702 6 2993 m—.--...v.⁷

229 807 245 830 s
260 796 322 830 01;
346 796 562 840 philosophi
584 796 717 831 dleunt
737 796 854 831 solem
875 796 1006 840 istum⁴

230 1499 507 1534 somnium:
543 1510 617 1544 quo
652 1500 764 1534 modo
798 1499 915 1544 fieret,
950 1493 1007 1533 ut'

232 1978 247 1998 s
264 1976 285 1999 ο
302 1976 412 2000 mnu
429 1975 464 2000 s:
509 1966 729 2000 Gennadius
772 1967 806 2000 in
848 1966 990 2000 somnis

235 2317 257 2347 μ’
272 2320 358 2350 ote
374 2327 406 2359 r,
459 2317 660 2361 episcopus
714 2316 906 2351 Romanus
959 2316 991 2350 II

234 2437 258 2467 S
274 2446 296 2480 p
310 2446 334 2470 a
347 2437 434 2470 nia
449 2447 470 2470 n
487 2448 508 2471 u
526 2449 562 2470 s:
629 2447 694 2481 per
759 2436 991 2481 Spanianum

235 2556 469 2600 Spanien
486 2557 560 2591 sis
592 2557 905 2601 ecclesiall28,
938 2557 991 2591 16.

235 2618 259 2654 S.
274 2629 297 2663 p
313 2630 332 2654 e
347 2631 363 2654 r
378 2630 401 2654 a
413 2630 438 2654 n
453 2620 530 2654 tiu
546 2630 562 2654 s
597 2620 800 2664 episeopus
834 2621 871 2655 in
905 2630 992 2655 cou-

238 2738 367 2784 Spes
422 2740 631 2775 monachus
686 2750 720 2775 v.
775 2740 990 2775 Bonifatius

898 148 1040 185 Index
1067 148 1112 184 V.
1697 135 1777 178 321

277 322 412 357 fortius
454 321 659 356 ('hrist1ani
700 326 886 366 martyres
925 321 1005 362 ad-¹

278 390 410 415 versus
435 380 530 414 han(-
558 378 760 414 Sodomam
785 390 896 424 quam
922 389 1006 432 pro!

278 436 420 472 Helena
466 437 698 472 Graecorum
746 437 880 472 heroes
926 436 989 471 ad-

277 506 410 529 versus
448 494 599 529 Troiam
639 495 919 529 dimicaverunt
956 494 987 528 ll

275 553 330 595 78,
362 554 394 587 3.
429 553 471 586 A.
507 552 686 587 maluisse
719 552 773 586 ait
806 546 1006 599 Hierony]

276 621 357 644 mus
393 610 511 644 solum
549 610 699 644 liberari
733 610 779 644 de
814 602 1006 644 Sodomis}

275 678 387 711 quam
445 679 528 702 eum
589 667 833 712 pereuntibus
891 678 989 702 eom-

278 726 414 759 morari
447 725 497 759 IV
529 726 606 760 215.
639 727 670 759 4.

277 854 547 899 sempiternum
577 864 661 889 esse
690 854 724 888 ΙΙ
750 854 830 894 564,
860 854 914 888 14.
943 853 1007 907 ἀεὶ,

277 911 367 946 solis
396 912 658 957 magnitudine
686 911 699 946 1
726 912 782 954 33,
812 912 864 946 17.
893 910 1006 950 duos}

277 969 376 1004 soles
403 969 506 1004 visos
535 969 670 1004 litteris
699 969 1006 1011 mandaverunt}

276 1027 338 1070 qui
403 1031 491 1061 tune
557 1027 722 1070 fuerunt,
784 1030 989 1070 antequam

276 1084 451 1119 dominus
494 1085 664 1119 venisset
704 1085 742 1119 in
783 1095 897 1119 carne
939 1080 1007 1118 lV'.

276 1142 354 1185 273,
386 1143 438 1176 10.
471 1142 678 1176 seeundum
708 1142 989 1187 astrologorum

277 1210 453 1235 numeros
522 1205 666 1235 eertum
735 1204 793 1234 est
861 1200 990 1243 solem,

277 1258 429 1301 quando
483 1258 574 1292 luna
626 1258 738 1301 plena
791 1262 859 1302 est,
913 1268 989 1293 non

278 1326 389 1360 posse
422 1315 583 1351 defieere
617 1315 668 1350 IV
701 1316 778 1353 273,
812 1316 866 1350 21.

232 1378 405 1422 solus,
449 1389 583 1414 servus
628 1379 800 1423 publicus
845 1372 1006 1422 Apum-³

275 1436 428 1480 gita-nae
461 1436 630 1471 civitatis
663 1436 696 1471 II
726 1437 805 1480 410,
838 1437 890 1471 12.

278 1557 386 1591 nobis
427 1568 450 1591 a
491 1557 749 1601 superioribus
791 1557 990 1601 potestati-

277 1614 346 1650 bus
373 1615 435 1650 vel
460 1625 483 1649 a
507 1615 755 1650 daemonibus
783 1619 822 1649 et
846 1614 989 1659 cogita-

277 1673 400 1707 tiones
437 1672 623 1717 quaedam
661 1673 917 1707 insererentur
954 1676 1007 1707 et¹

277 1730 435 1766 somnia.
472 1741 555 1764 cum
595 1729 796 1764 Nebridius
835 1732 1007 1774 percon-¹

278 1792 422 1822 taretur
462 1789 506 1822 Α.
547 1798 605 1832 ep.
646 1788 678 1822 8.
720 1789 762 1821 A.
803 1788 989 1832 quaedam

277 1846 513 1889 quaestionis
553 1845 664 1880 huius
704 1845 846 1879 lumina
886 1856 989 1890 prae-

278 1904 464 1938 seminare
492 1902 702 1938 conabatur
729 1914 788 1948 ep.
815 1904 847 1937 0.

278 2023 425 2058 audivit
456 2024 617 2068 hymnos
649 2023 845 2058 beatorum
876 2027 990 2068 atque

278 2083 498 2115 sanctorum
544 2086 592 2125 et,
638 2082 739 2125 quod
785 2081 990 2125 aliquando

278 2138 533 2181 dubitaverat,
568 2139 686 2173 vitam
720 2149 871 2173 manere
906 2142 992 2182 post

279 2199 437 2231 mortem
469 2196 629 2231 edoctus
662 2199 721 2231 est
753 2196 803 2230 ΙΙΙ
835 2197 916 2240 500,
949 2197 992 2230 10

278 2253 404 2288 -502.
433 2254 463 2287 2.

282 2374 358 2418 153,
385 2374 438 2408 15.

280 2494 442 2528 transire
472 2494 503 2528 ll
531 2495 587 2537 30,
618 2495 671 2529 13.

281 2677 367 2712 cilio
393 2677 613 2712 Milevitano
637 2677 760 2712 adfuit.
784 2678 834 2711 llI
858 2678 936 2721 664,
960 2678 991 2711 2.

282 2796 491 2842 presbyter.

304 2863 405 2890 livill.
427 2863 614 2897 Augustinus.
635 2864 669 2896 (G
678 2864 735 2890 old
745 2864 760 2889 b
769 2872 784 2889 a
794 2865 830 2889 eh
840 2871 854 2890 ο
863 2868 899 2894 r.)

230 263 253 297 S
269 275 290 298 o
306 264 327 299 d
344 274 365 299 o
381 275 415 299 m
431 274 467 298 a:
494 274 560 309 pro
586 264 762 307 veritate,
786 264 909 308 inquit
933 264 988 307 A„
1003 261 1006 295 1
1024 274 1040 299 s
1057 264 1104 309 pi
1121 264 1262 299 ritus
1281 276 1288 299 :
1347 264 1392 300 de
1450 264 1625 309 nominis,
1682 265 1783 310 quod

1072 322 1227 366 spiritus
1289 322 1439 366 dieitur,
1501 323 1609 358 varia
1671 323 1785 368 signi-

1071 380 1248 415 ficatione
1306 380 1357 414 lV
1411 380 1490 423 544,
1547 380 1695 424 2-545,
1753 382 1784 415 4.

1073 437 1280 471 seeundum
1310 437 1358 481 id,
1386 438 1487 482 quod
1514 448 1650 472 nomen
1679 438 1784 482 spiri-

1072 498 1133 530 tus
1169 495 1334 539 aliquam
1372 499 1545 530 naturam
1583 495 1785 540 significat.

1072 552 1194 587 omnis
1234 552 1461 597 incorporea
1500 557 1637 587 natura
1679 553 1786 597 spiri-

1072 617 1132 645 tus
1172 611 1209 645 in
1248 610 1444 654 seripturis
1482 611 1696 655 appellatur
1735 610 1784 644 IV

1070 668 1149 711 544,
1179 669 1212 703 3.
1245 667 1383 703 dicitur
1415 668 1529 702 etiam
1560 668 1715 713 spiritus
1749 668 1785 702 in

1072 725 1269 769 seripturis
1328 726 1536 760 secundum
1595 726 1785 770 quandam

1071 782 1356 818 distinctionem
1388 783 1424 817 in
1455 784 1539 828 ipsa
1569 794 1644 818 una
1674 783 1785 817 unius

1072 840 1234 875 hominis
1264 841 1392 875 anima
1420 841 1471 875 IV
1500 841 1580 885 544,
1611 841 1664 875 16.

1120 897 1283 942 Spiritus
1324 903 1479 933 sanetus
1518 898 1612 933 (leus
1652 903 1711 933 est
1749 903 1785 933 et

1071 966 1186 991 verus
1233 956 1326 991 deus
1372 966 1494 1001 neque
1542 956 1663 990 minor
1709 956 1785 990 filio

1073 1018 1139 1047 aut
1178 1014 1296 1047 maior
1337 1014 1386 1047 lll
1426 1015 1505 1057 648,
1546 1015 1716 1055 19—‹35u,
1753 1015 1785 1048 5.

1074 1071 1124 1105 lv
1145 1072 1225 1115 549,
1248 1072 1397 1116 9-550,
1421 1072 1474 1106 12.
1498 1072 1654 1117 spiritus
1679 1082 1785 1107 sane.-

1071 1132 1133 1164 tus
1160 1139 1235 1163 non
1265 1129 1362 1163 sicut
1392 1133 1565 1164 ereatura
1595 1141 1640 1164 ex
1669 1130 1785 1163 nihilo

1073 1191 1129 1221 est
1154 1187 1290 1231 faetus,
1314 1187 1382 1222 sed
1403 1188 1456 1222 sic
1480 1198 1504 1222 a
1525 1191 1632 1231 patre
1656 1197 1785 1232 proce-

1070 1245 1137 1289 dit,
1172 1250 1211 1279 ut
1248 1255 1316 1280 nec
1352 1256 1373 1279 a
1407 1244 1483 1280 filio
1519 1255 1588 1280 neo
1622 1256 1645 1279 a
1678 1248 1785 1290 patre

1072 1303 1121 1337 sit
1162 1303 1287 1338 faetus
1326 1302 1377 1336 lll
1417 1303 1495 1346 625,
1537 1303 1591 1337 10.
1633 1303 1785 1347 proprio

1071 1360 1183 1395 modo
1233 1360 1396 1405 quodam
1444 1361 1582 1395 dieitur
1631 1361 1786 1405 spiritus

1072 1422 1240 1463 sanetus,
1281 1419 1488 1454 seeundum
1530 1419 1632 1463 quod
1673 1419 1785 1453 refer-

1074 1482 1134 1509 tur
1154 1467 1209 1511 'ad
1242 1482 1386 1520 patrem
1417 1481 1450 1510 et
1482 1477 1595 1510 tilium
1633 1477 1676 1509 lx·
1708 1478 1786 1510 544.

1072 1534 1127 1568 22.
1163 1536 1290 1578 potest
1325 1537 1363 1568 et
1398 1534 1434 1568 in
1471 1534 1541 1568 hoe
1578 1538 1615 1569 et
1652 1534 1687 1568 in
1723 1534 1785 1568 illo

1072 1591 1224 1626 homine
1255 1602 1338 1627 esse
1367 1602 1464 1626 unus
1494 1592 1649 1636 spiritus
1680 1602 1787 1626 sane-

1073 1653 1146 1692 tus,
1183 1649 1297 1684 etiam
1335 1650 1365 1685 si
1402 1650 1565 1684 invicem
1602 1650 1786 1684 nesciant.

1073 1717 1140 1750 per
1180 1717 1291 1751 quem
1333 1707 1383 1742 sit
1423 1707 1621 1751 utriusque
1662 1707 1787 1751 gratia

1073 1764 1299 1808 communis3
1351 1774 1427 1799 non
1478 1769 1604 1799 autem
1660 1769 1786 1809 potest

1073 1821 1229 1866 spiritus
1270 1822 1432 1857 hominis
1473 1833 1556 1858 esse
1598 1826 1633 1857 et
1676 1822 1786 1856 liuius

1073 1884 1111 1913 et
1162 1879 1274 1922 illius,
1325 1890 1391 1924 per
1440 1890 1551 1924 quem
1603 1884 1786 1924 peccante

1073 1936 1193 1972 altero
1220 1940 1259 1972 et
1281 1937 1401 1972 altero
1427 1947 1503 1972 non
1528 1942 1712 1982 peon-ante
1739 1937 1787 1971 sit

1073 1999 1200 2029 tamen
1238 1995 1350 2039 eulpa
1388 1995 1599 2030 communis
1639 1995 1668 2029 ll
1707 1995 1786 2037 522,

1077 2053 1127 2085 11.
1154 2052 1391 2087 Christianos
1417 2053 1589 2087 carnales
1616 2053 1657 2086 si.
1683 2060 1785 2086 :uus--

1074 2119 1186 2154 quam
1226 2109 1453 2154 perveniant
1491 2111 1539 2145 ad
1579 2110 1784 2154 spiritalem

1075 2167 1210 2202 mentis
1236 2173 1413 2212 aetatem,
1438 2169 1518 2203 dies
1546 2169 1648 2202 vitae
1677 2169 1786 2202 huin>

1073 2228 1265 2260 extremus
1303 2224 1503 2270 invenerit,
1543 2225 1711 2270 perficiet
1751 2225 1787 2259 in

1075 2282 1127 2316 eis
1152 2282 1307 2327 spiritus
1332 2287 1500 2327 sanctus,
1523 2283 1702 2328 quiequid
1727 2283 1785 2318 hie

1074 2339 1358 2385 intellegentiae
1400 2341 1522 2376 minus
1562 2340 1786 2375 habueruut.

1074 2398 1251 2441 quoniam
1309 2397 1357 2432 ab
1413 2398 1561 2433 unitate
1616 2398 1787 2442 corporis

1073 2454 1214 2490 Christi
1247 2466 1321 2490 non
1354 2460 1594 2490 recesserunt
1626 2455 1675 2489 lx·
1711 2456 1787 2490 106.

1073 2511 1128 2546 24.
1173 2512 1327 2556 spiritus
1373 2516 1529 2548 sanctus
1572 2513 1682 2547 aliter
1724 2513 1787 2547 ad-

1073 2569 1181 2603 iuvat
1219 2570 1385 2604 nondum
1424 2570 1640 2605 inhabitans
1678 2570 1787 2604 alitor

1073 2625 1306 2670 inhabitans3
1365 2637 1451 2662 nam
1508 2628 1676 2662 nondum
1736 2627 1787 2661 in-

1073 2683 1251 2719 habitans
1277 2684 1447 2729 adiuvat,
1473 2688 1515 2719 ut
1542 2684 1618 2721 sint
1645 2685 1786 2721 fideles.

1073 2741 1291 2776 inhabitans
1335 2741 1495 2777 adiuvat
1538 2742 1610 2777 iam
1656 2741 1786 2776 fideles

1074 2798 1125 2832 IV
1178 2799 1255 2843 190,
1302 2800 1334 2834 9.
1385 2799 1551 2844 loquitur
1599 2799 1786 2834 adversus

1510 2868 1548 2900 21
