2078 3054
310 133 394 175 304

357 261 536 296 detentus
562 260 597 295 II
623 260 701 304 249,
729 261 781 296 13.
807 260 885 303 255,
912 259 965 294 14.
990 259 1089 305 epi-3

356 329 496 363 scopus
529 324 656 354 autem
690 318 814 353 factus
848 328 931 353 esse
968 306 1089 359 vide-l

355 382 416 411 tur
452 377 654 420 Cirtensis,
696 388 781 411 nam
822 376 1067 410 Profuturum

357 435 474 470 fuisse
501 435 712 470 conieceris
738 434 856 478 illum,
881 434 928 469 ad
956 444 1067 479 quem

354 493 611 528 ordinandum
645 493 688 527 Α.
721 492 864 527 Cirtam
898 491 1069 536 perrexit

356 551 386 584 ll
433 551 509 595 109,
553 551 607 585 17.
652 550 728 594 120,
770 550 827 593 25;
874 559 905 584 ²⁴.
950 559 984 593 p.
1029 549 1071 584 16

355 608 484 643 adnot.
514 609 547 642 3.
580 618 663 642 cum
695 618 752 651 ep.
782 607 828 641 32
858 617 879 640 a
911 606 1070 641 Paulino

355 665 605 710 scribebatur,
630 665 859 699 Profuturus
886 664 958 699 iam
986 668 1065 699 erat

355 724 562 767 episcopus
592 723 626 757 ΙΙ
656 723 687 767 8,
717 723 771 757 21.
801 722 958 757 vixdum
989 722 1067 766 epi-

354 791 494 825 scopus
551 780 785 816 constitutus
842 780 948 815 brevi
1005 779 1068 814 de-

357 840 510 874 functus
537 843 595 874 est
622 838 657 873 II
684 839 762 883 250,
791 838 819 873 1.
848 839 879 873 3.
907 838 985 882 255,
1014 838 1067 872 14.

355 897 394 932 in
426 907 485 942 ep.
520 898 575 941 38,
610 907 708 942 quae
744 897 791 931 ad
829 907 914 931 eum
949 896 1068 931 missa

354 960 425 990 est:
464 955 568 989 ‘Mihi
604 965 643 990 es
679 954 776 989 alter
812 954 908 999 ego‘,
944 954 1068 999 inquit

355 1013 397 1048 Α.
424 1017 461 1048 et
486 1013 631 1048 sanetis
657 1012 897 1047 orationibus
923 1011 1005 1047 eius
1030 1014 1065 1046 et

353 1071 436 1106 dies
468 1076 505 1107 et
537 1075 670 1106 noctes
703 1081 792 1105 suas
824 1069 1067 1105 commendat

356 1129 389 1163 II
417 1129 471 1175 65,
499 1130 532 1164 4.
559 1128 658 1164 idem
687 1128 852 1163 fortasse
879 1127 950 1163 fuit
977 1127 1067 1162 Pro-

354 1187 505 1222 futurus
546 1187 620 1232 ille,
657 1197 768 1232 quem
809 1185 981 1221 Evodius
1019 1185 1066 1220 de

353 1245 587 1280 monasterio
625 1245 884 1288 praecessisse
924 1247 961 1279 et
999 1253 1066 1288 per

353 1303 542 1338 somnium
575 1303 647 1338 sibi
677 1302 906 1346 apparuisse
939 1301 1067 1337 memi-

353 1366 464 1396 nerat
495 1360 549 1395 III
581 1360 660 1405 494,
691 1360 747 1395 28.

306 1418 599 1454 Proiectus
646 1417 809 1454 clericus
857 1417 1065 1453 Caelestini

352 1477 506 1512 diaconi
552 1476 697 1521 scripta
740 1476 790 1511 ad
834 1475 877 1510 A.
922 1475 1066 1519 Hippo-

353 1545 438 1570 nem
471 1534 630 1579 pertulit
662 1534 712 1568 IV
747 1534 824 1578 165,
856 1533 909 1569 16.

305 1591 826 1635 pronuntiationem
890 1591 930 1626 in
991 1591 1066 1627 elo-

352 1650 510 1696 quentia
541 1650 672 1685 rhetor
705 1649 966 1686 nobilissimus
999 1649 1066 1685 ite-

352 1719 434 1744 rum
457 1719 501 1743 ac
524 1708 638 1744 tertio
660 1708 942 1744 observandam
967 1717 1066 1743 eom-

352 1766 560 1801 mendabat.
590 1765 625 1800 II
655 1765 734 1810 685,
765 1765 819 1800 22.

306 1825 610 1869 prophetas
653 1826 867 1871 scripturae
909 1825 1064 1870 proprie

352 1883 553 1919 ‘videntes‘
575 1884 883 1929 appellaverunt,
903 1884 969 1930 qui
989 1894 1064 1919 non

352 1948 512 1986 corpore
540 1942 609 1976 sed
634 1942 769 1986 spiritu
797 1942 912 1976 etiam
939 1941 1067 1976 futura

353 1998 536 2034 viderunt
563 1999 616 2033 III
641 1999 720 2043 326,
749 2000 780 2034 8.

303 2059 556 2107 προσευχὴ
587 2065 623 2091 v.
654 2058 757 2107 εὐχή.

306 2113 541 2158 Prosper
580 2114 736 2159 ignotus
773 2114 926 2160 quidem
967 2114 1064 2149 facie

351 2176 436 2207 erat,
461 2172 516 2218 A„
543 2172 611 2207 sed
637 2172 825 2217 epistulas
852 2182 919 2216 per
944 2172 1065 2208 Leon-

352 2230 447 2265 tium
491 2230 697 2266 diaconum
744 2235 783 2265 et
826 2230 985 2266 miserat
1028 2234 1063 2265 et

353 2293 558 2331 acceperat
595 2288 647 2322 IV
685 2288 765 2327 454,
806 2288 858 2322 11.
899 2298 958 2332 ep.
997 2287 1066 2322 225

354 2345 397 2379 A.
424 2345 626 2380 certiorem
653 2345 746 2381 fecit
771 2345 808 2380 in
834 2344 1064 2381 Massiliensi

354 2403 444 2438 urbe
483 2403 624 2438 multos
664 2413 760 2447 esse,
801 2403 865 2448 qui
905 2403 944 2438 in
983 2404 1065 2439 eius

352 2460 518 2504 scriptis,
547 2471 645 2506 quae
675 2460 863 2496 adversus
891 2460 1066 2507 Pelagia-

353 2528 423 2552 nos
455 2518 704 2562 condidisset,
733 2519 968 2554 contrarium
998 2528 1066 2563 pu-

354 2579 479 2610 tarent
507 2580 656 2620 patrum
685 2576 857 2620 opinioni
885 2581 920 2611 et
951 2576 1069 2611 eccle-

354 2633 511 2668 siastico
543 2633 685 2677 sensui,
719 2633 901 2679 quicquid
938 2634 976 2668 in
1010 2633 1066 2669 eis

353 2690 400 2726 de
439 2690 645 2726 vocatione
684 2690 891 2726 electorum
934 2702 1066 2727 secun-

353 2748 442 2783 dum
471 2748 532 2783 dei
562 2749 802 2792 propositum
831 2749 1066 2793 disputavis-

355 2810 409 2839 set
448 2805 497 2839 lv
533 2807 610 2851 455,
650 2806 705 2850 123
742 2816 775 2841 r.
815 2806 1065 2842 Massiliensis

1105 2634 1411 2674 Publicola,

981 145 1123 182 Index
1149 145 1192 181 V.

1154 260 1254 295 urbs.
1284 260 1343 295 cui
1376 261 1546 304 periculo
1578 266 1616 296 ut
1649 266 1865 298 occurreret

1154 322 1193 351 et.
1236 328 1305 352 suo
1349 319 1540 363 praesidio
1587 320 1704 364 ipsius
1750 320 1869 355 tenui-

1158 380 1276 410 tatem
1321 377 1532 422 roboraret,
1576 378 1767 423 flagitavit
1813 378 1864 412 IV

1153 434 1232 478 467,
1273 435 1304 469 9.
1344 434 1399 469 20.
1441 436 1568 470 socius
1610 441 1695 471 erat.
1732 436 1866 479 Hilari,

1154 492 1218 537 qui
1245 496 1281 527 et
1308 492 1390 536 ipse
1417 492 1463 527 de
1491 503 1607 528 causa
1635 493 1866 529 Massiliensi

1154 560 1212 594 cp.
1254 549 1322 584 226
1386 550 1428 585 A.
1493 551 1694 586 certiorem
1759 552 1865 587 fecit:

1153 612 1338 653 utraeque
1373 608 1524 643 litterae
1563 609 1791 644 coniunctae
1830 610 1866 643 in

1154 666 1324 701 Atticam
1350 670 1440 701 sunt
1464 666 1604 702 missae
1630 666 1682 701 IV
1707 668 1786 711 480,
1813 668 1866 702 15.

1153 723 1212 757 vir
1247 723 1388 759 dicitur
1422 725 1470 759 ab
1504 723 1651 759 Hilario
1686 725 1865 761 moribus.

1154 781 1318 827 eloquio,
1345 781 1472 817 studio
1498 781 1624 817 clarus
1652 782 1797 821 IV480.
1815 784 1867 819 15.

1107 854 1296 891 Protei
1325 856 1456 891 fabula
1485 856 1500 891 Ι
1529 857 1584 901 89,
1618 857 1670 892 18.

1106 930 1543 973 provincialium
1582 932 1716 967 timere
1754 931 1865 967 male-

1153 988 1257 1023 dicta
1289 988 1341 1023 lv
1374 989 1454 1033 539,
1490 989 1543 1023 12.

1106 1066 1130 1101 p
1145 1067 1163 1091 r
1178 1068 1201 1091 u
1215 1056 1240 1092 d
1255 1067 1274 1092 e
1290 1067 1314 1091 n
1329 1061 1344 1092 t
1359 1057 1369 1091 i
1385 1068 1426 1093 a:
1471 1068 1546 1093 non
1590 1057 1767 1093 inmerito
1810 1068 1868 1093 sa-

1153 1115 1263 1160 piens
1308 1116 1536 1160 prudentiae
1580 1116 1709 1152 studia
1753 1116 1866 1151 nullis

1153 1173 1327 1209 terminis
1352 1184 1475 1220 neque
1502 1173 1575 1209 fine
1599 1174 1786 1209 conclusit
1814 1174 1865 1208 ΠΙ

1153 1232 1208 1277 89,
1235 1232 1257 1267 8
1282 1232 1414 1276 (νοω.

1106 1300 1350 1344 psallere
1377 1311 1411 1336 v.
1441 1300 1668 1336 Donatistae
1697 1302 1747 1345 (p.
1776 1300 1868 1345 198).

1106 1385 1129 1419 p
1146 1385 1163 1411 s
1175 1389 1201 1410 a
1215 1375 1225 1410 l
1241 1386 1276 1411 m
1291 1387 1316 1411 u
1331 1386 1367 1410 s:
1410 1375 1635 1420 episcopum
1678 1387 1700 1411 a.
1741 1375 1866 1410 Dona-

1152 1434 1255 1469 tistis
1281 1434 1453 1479 graviter
1480 1434 1693 1469 sauciatum
1719 1438 1757 1469 et
1784 1438 1866 1468 tan-

1151 1491 1238 1527 dem
1299 1491 1473 1527 relictum
1539 1492 1718 1527 catholici
1780 1500 1863 1526 cum

1152 1549 1310 1593 psalmis
1347 1550 1498 1586 auferre
1534 1550 1778 1594 temptabant
1814 1549 1864 1583 lV

1151 1608 1206 1651 26,
1258 1609 1286 1643 1.
1349 1608 1583 1652 psalmorum
1635 1609 1865 1652 interpretes

1150 1666 1254 1710 apud
1290 1665 1459 1701 Graecos
1495 1671 1531 1701 et
1567 1666 1670 1710 apud
1705 1665 1865 1701 Latinos

1152 1724 1186 1758 11
1215 1724 1293 1767 318,
1322 1725 1344 1759 6
1372 1724 1522 1768 (Hieta).
1550 1724 1721 1768 psalmus
1749 1723 1865 1768 septi-

1151 1793 1234 1817 mus
1261 1782 1433 1817 (lecimus
1460 1783 1497 1817 in
1526 1782 1731 1827 regnorum
1758 1782 1864 1816 libris

1151 1840 1255 1875 solus
1290 1840 1439 1885 integer
1472 1840 1613 1885 legitur
1648 1839 1683 1874 ΙΙ
1719 1840 1798 1884 206,
1832 1840 1863 1875 5.

1151 1898 1289 1941 psalmi
1318 1897 1406 1932 XXI
1434 1898 1626 1941 expositio
1656 1897 1706 1931 111
1740 1898 1816 1942 166,
1842 1898 1863 1932 3

1150 1956 1277 2000 —230,
1306 1956 1358 1990 11.

1103 2024 1434 2068 psalterium
1482 2036 1505 2060 a
1552 2028 1686 2060 sancto
1733 2023 1864 2058 Hiero-

1151 2093 1266 2128 nymo
1316 2083 1545 2118 translatum
1595 2093 1640 2118 ex
1690 2081 1864 2117 Hebraeo

1153 2151 1229 2176 non
1257 2141 1389 2176 habuit
1417 2140 1475 2184 A.;
1504 2141 1587 2185 ipse
1614 2145 1741 2175 autem
1770 2138 1863 2174 illud

1152 2210 1226 2234 non
1258 2199 1535 2243 interpretatus
1565 2204 1634 2243 est,
1665 2198 1730 2233 sed
1762 2197 1863 2232 codi—

1150 2267 1234 2292 cum
1266 2256 1490 2291 Latinorum
1521 2256 1727 2291 nonnullos
1762 2266 1863 2290 rnen-

1150 2315 1337 2349 ‹lositates
1373 2324 1419 2349 ex
1454 2313 1610 2349 Graecis
1644 2313 1865 2358 exemplari-

1151 2372 1221 2407 bus
1250 2371 1468 2407 emendavit
1500 2371 1551 2405 lv
1580 2371 1658 2415 620,
1687 2371 1720 2405 6.

1105 2446 1132 2480 P
1149 2446 1408 2481 ublianus
1450 2445 1656 2490 episcopus
1698 2445 1734 2480 in
1777 2454 1863 2479 con-

1151 2504 1239 2539 cilio
1290 2504 1585 2549 Carthaginensi
1635 2503 1759 2539 adfuit
1811 2501 1863 2537 lll

1151 2563 1231 2607 652,
1258 2563 1290 2597 5.

1457 2635 1521 2680 qui
1566 2635 1602 2669 in
1642 2635 1863 2680 ..xrzugibus

1151 2702 1265 2736 agros
1292 2693 1516 2736 possidebat
1541 2692 1575 2727 ll
1602 2693 1679 2737 124,
1708 2692 1759 2728 16.
1786 2693 1862 2727 125.

1151 2751 1205 2791 23,
1252 2750 1294 2785 A.
1339 2751 1478 2785 multas
1523 2751 1770 2796 quaestiones
1815 2761 1860 2785 ex

1151 2809 1379 2843 commercio
1403 2819 1485 2844 cum
1512 2809 1684 2844 barbaris
1711 2809 1861 2854 gentili-
