2078 3054
870 147 1010 185 Index
1035 146 1110 184 ΙΙΙ.
1688 130 1738 178 31

371 266 585 310 Epistulam
619 266 681 300 101
719 265 957 310 Augustinus
991 263 1178 308 Possidio,
1210 263 1393 308 episcopo
1429 263 1657 308 Calamensi,
1692 263 1740 299 ad

234 325 454 361 Memorium
493 324 716 368 episcopum
756 322 1023 366 perferendam
1062 322 1213 366 dedit.¹)
1265 321 1367 367 quod
1405 321 1559 367 quando
1600 322 1742 356 iactum

232 383 293 428 sit,
332 382 443 417 facile
483 381 705 416 coniectura
743 380 903 425 adsequi
941 380 1097 424 poteris.
1146 390 1230 414 cum
1269 379 1486 424 Augustino
1523 379 1623 414 enim
1661 384 1743 414 erat

232 439 443 483 Possidius,
471 439 526 473 uti
558 448 674 482 supra
704 438 753 472 ad
783 447 842 481 ep.
871 438 927 472 90.
958 437 999 471 91
1031 443 1069 472 et
1097 438 1154 472 94.
1183 437 1228 471 95
1258 437 1509 481 ostendimus,
1542 447 1643 471 anno
1675 436 1743 471 408

232 503 299 532 aut.
318 498 386 532 409
405 507 546 540 mense,
569 501 610 531 ut
630 495 795 540 videtur,
817 495 1004 540 Augusto,
1029 505 1112 530 cum
1138 499 1296 539 propter
1321 504 1558 539 paganorum
1583 494 1742 529 iniurias

233 555 269 589 in
309 554 458 589 Italiam
497 559 579 589 erat
617 553 871 597 profecturus.
922 563 969 588 ea
1007 552 1122 597 igitur
1161 552 1363 587 occasione
1404 552 1660 596 Augustinum
1701 556 1740 586 ut

232 611 435 655 epistulam
463 612 507 646 95
536 611 584 646 ad
615 610 817 645 Paulinum
849 610 902 644 ita
933 609 1136 653 epistulam
1167 619 1317 655 quoque
1348 609 1410 643 101
1441 610 1489 644 ad
1521 609 1741 644 Memorium

231 669 453 704 exaravisse
496 673 536 704 et
577 672 778 713 utramque
822 667 997 702 Possidio
1041 667 1193 702 dedisse
1238 667 1501 702 concludimus
1546 666 1742 701 ferendam

231 727 389 762 alteram
424 726 558 761 Nolam
592 726 752 761 alteram
785 724 968 769 Capuam,
1002 726 1142 770 quippe
1177 736 1261 759 cum
1295 735 1370 759 non
1404 725 1464 768 sit,
1500 725 1602 769 quod
1637 724 1744 759 dubi-

233 789 366 827 temus,
407 784 498 828 quin
537 783 596 818 hic
636 782 838 818 Memorius
880 782 1013 816 Iuliani
1054 782 1279 826 (¹ampani2)
1320 782 1434 817 fuerit
1473 786 1592 826 pater,
1633 791 1743 826 quem

232 841 470 886 Augustinus
504 851 632 876 secum
667 851 743 875 non
780 851 938 885 parvam
973 840 1109 883 (licit³)
1146 840 1262 875 inisse
1296 840 1503 875 amicitiam
1538 839 1741 885 conloquio

231 899 455 933 litterarum.

371 956 424 992 De
451 961 624 999 tempore
652 956 840 999 epistulae
872 956 938 990 102
970 955 1061 990 nihil
1090 956 1195 990 aliud
1224 955 1341 990 statui
1370 959 1509 999 potest,
1538 956 1611 992 nisi
1640 954 1741 1000 quod

232 1025 278 1048 ex
298 1014 442 1057 ordine,
463 1025 537 1058 quo
560 1013 798 1058 Augustinus
821 1014 857 1047 in
878 1013 1046 1048 Retract.
1068 1013 1090 1047 1.
1113 1013 1156 1047 II.
1179 1023 1210 1047 c.
1229 1014 1271 1048 31
1295 1013 1392 1047 hunc
1415 1012 1580 1047 libellum
1603 1012 1741 1057 posuit,

231 1083 315 1107 eum
346 1073 442 1107 inter
471 1083 612 1106 annum
640 1072 707 1106 406
733 1077 770 1106 et
796 1072 863 1105 412
890 1071 1105 1106 confectum
1133 1082 1216 1106 esse
1247 1071 1503 1116 cognoscitur.

371 1130 546 1173 Epistula
572 1130 649 1164 103.
676 1130 753 1164 104.
794 1129 836 1163 111
864 1129 1115 1172 epistularum
1141 1129 1369 1163 commercio
1396 1129 1493 1164 inter
1521 1128 1740 1164 Nectariuin

230 1193 266 1222 et
294 1187 549 1232 Augustinum
580 1187 748 1231 epistula
773 1187 817 1221 90
845 1186 1010 1230 Nectari‚
1038 1191 1079 1222 ut
1107 1196 1221 1230 supra
1249 1187 1509 1230 exposuimus,
1538 1187 1666 1221 statim
1694 1197 1739 1221 ex

230 1245 395 1279 tumultu
420 1244 598 1279 Galamae
626 1244 813 1280 Kalendis
841 1244 958 1279 Iuniis
985 1256 1017 1278 a.
1042 1245 1110 1279 408
1137 1250 1202 1279 aut
1232 1245 1299 1279 409
1324 1249 1458 1279 exorto
1485 1245 1533 1279 ad
1561 1244 1741 1288 Augusti—

231 1313 317 1337 num
360 1303 474 1336 inissa
515 1308 583 1337 est.
637 1302 696 1336 cui
739 1302 977 1347 Augustinus
1018 1302 1185 1346 epistula
1227 1303 1268 1335 91
1312 1312 1452 1345 mense,
1495 1307 1533 1337 ut
1576 1302 1740 1345 videtur.

231 1360 404 1403 Augusto
430 1360 640 1403 respondit.
679 1370 753 1404 quo
783 1361 884 1394 facto
913 1366 999 1394 octo
1025 1361 1141 1395 ferme
1169 1370 1318 1395 menses
1345 1360 1591 1403 transierunt,
1618 1360 1740 1394 donec

230 1417 388 1452 alteram
419 1416 573 1452 Nectari
601 1417 805 1461 epistulam
838 1428 910 1461 «ep.
941 1419 1021 1456 103)
1055 1417 1106 1456 VI
1136 1418 1221 1452 Kal.
1252 1417 1394 1461 Aprilis
1423 1428 1457 1452 a.
1485 1418 1552 1452 409
1580 1425 1646 1452 aut
1674 1418 1741 1451 410

231 1475 468 1518 Augustinus
495 1475 655 1518 accepit.
695 1486 816 1520 neque
844 1487 882 1511 se
910 1476 1005 1510 scire
1033 1476 1137 1519 dicit,
1167 1480 1292 1510 utrum
1323 1475 1524 1510 Nectarius
1552 1480 1628 1510 tarn
1656 1485 1739 1509 sero

232 1533 425 1576 scripserit
466 1544 513 1567 an
550 1543 655 1567 mora
692 1533 792 1567 facta
830 1534 875 1567 sit
915 1533 950 1567 in
987 1533 1194 1568 reddendis
1230 1532 1450 1577 epistulis.⁴)
1503 1533 1617 1577 paulo
1655 1540 1741 1576 post

231 1596 411 1633 acceptas
449 1591 595 1624 litteras
637 1591 712 1631 103,
750 1601 823 1635 quo
862 1599 1043 1633 tempore.
1081 1591 1170 1635 quid
1210 1591 1496 1634 impetravisset
1532 1590 1741 1634 Possidius,

233 1648 399 1682 nondum
423 1654 506 1682 erat
527 1648 808 1691 (¹01npert11m.⁵1
835 1659 963 1682 mense
988 1648 1149 1683 fortasse
1174 1648 1297 1692 Aprili
1321 1648 1560 1693 Augustinus
1586 1658 1743 1692 respon-

234 1715 314 1739 sum
342 1705 449 1739 dedit.
474 1705 641 1748 epistula
669 1706 743 1739 104.

373 1762 549 1805 Epistula.
574 1764 640 1798 105
666 1768 755 1797 ante
783 1769 994 1798 extremum
1019 1774 1160 1798 annum
1185 1764 1252 1797 408
1278 1763 1423 1807 scripta
1448 1773 1523 1798 non
1549 1768 1617 1798 est.
1655 1774 1741 1797 nam

232 1820 333 1864 quod
373 1819 534 1864 legimus
572 1831 608 1864 p.
649 1821 727 1864 599,
765 1822 799 1855 3:
841 1821 1040 1855 Mendacio
1080 1825 1208 1855 vestro
1247 1822 1373 1856 subito
1414 1825 1533 1856 totam
1574 1821 1740 1862 Africam

233 1877 431 1920 implestis,
477 1883 610 1920 aperte
660 1877 850 1921 significat
900 1889 1081 1921 rumores,
1129 1888 1224 1923 quos
1271 1878 1479 1914 Stilichone
1527 1889 1628 1913 anno
1676 1879 1743 1912 408

231 1945 264 1968 a.
285 1935 320 1969 d.
343 1935 375 1969 X
397 1935 483 1969 Kal.
506 1935 740 1978 Septembris
763 1936 964 1971 interfecto
988 1935 1213 1971 Donatistae
1237 1937 1481 1981 spargebant,
1503 1936 1618 1981 leges,
1644 1947 1741 1981 quae

233 1992 441 2027 stilichone
467 1993 557 2027 vivo
585 1993 621 2027 in
652 2004 689 2028 se
716 1994 829 2027 (latae
856 2000 996 2038 essent,
1022 1994 1252 2037 imperatore
1280 1994 1474 2030 nesciente
1501 1994 1562 2028 vel
1590 1994 1742 2028 nolente

234 2060 316 2084 esse
346 2050 619 2094 constitutas.‘⁵)
650 2061 695 2084 ex
726 2051 844 2085 altera
876 2055 1001 2085 autern
1033 2056 1138 2095 parte
1170 2052 1207 2085 in
1237 2052 1306 2086 hac
1337 2051 1501 2096 epistula
1530 2051 1743 2086 Donatistis

234 2107 418 2151 inscripta
452 2119 497 2143 ne
532 2109 727 2143 minimum
761 2109 913 2153 quidem
949 2113 1007 2144 est
1040 2110 1221 2144 indicium
1259 2110 1489 2144 conlationis
1523 2121 1555 2144 a.
1589 2111 1654 2144 411
1691 2110 1743 2144 iu-

232 2169 344 2200 eunte
377 2176 505 2200 mense
539 2165 646 2199 Iunio
678 2176 763 2200 cum
796 2165 1009 2200 Donatistis
1040 2167 1272 2211 Carthagine
1305 2167 1468 2211 habitae,
1500 2167 1741 2212 quamquam.

233 2224 263 2256 si
299 2223 364 2257 illa
397 2223 564 2257 conlatio
602 2224 675 2258 iarn
710 2223 845 2258 fuisset
884 2224 944 2258 vel
979 2224 1093 2259 etiam
1130 2225 1345 2268 institisset,
1381 2235 1426 2259 ea
1461 2230 1517 2260 est
1553 2224 1741 2269 epistulae

234 2280 342 2324 ratio,
364 2286 405 2315 ut
428 2281 581 2315 silentio
603 2281 804 2324 praeteriri
826 2283 980 2316 omnino
1002 2292 1076 2316 non
1100 2282 1310 2326 p‹›tuerit.⁷)
1347 2282 1463 2326 igitur
1487 2293 1570 2317 curn
1597 2283 1741 2326 primus

372 2397 400 2427 ¹)
430 2405 465 2439 p.
491 2396 570 2439 539,
600 2396 651 2430 18.

372 2453 400 2497 ²)
431 2453 610 2496 I'rosperi
651 2453 778 2498 Aquit.
820 2454 857 2488 111
898 2454 1103 2498 Augustini
1143 2455 1439 2489 obtrectatorem
1482 2455 1602 2499 epigr.
1645 2466 1680 2488 v.
1721 2455 1742 2488 6

236 2509 377 2554 (Migne
410 2511 546 2553 patrol.
577 2511 639 2544 lat.
669 2509 767 2544 XLV
799 2522 832 2554 p.
864 2512 979 2554 1857).

372 2567 400 2612 ³)
431 2568 527 2612 Aug.
567 2574 699 2602 contra
741 2568 925 2603 Iulianum
966 2568 979 2601 Ι
1016 2569 1047 2613 4,
1086 2569 1128 2602 12
1167 2569 1309 2613 (Migne
1347 2569 1482 2613 patrol.
1521 2570 1583 2604 lat.
1622 2569 1741 2603 XLIV

234 2635 267 2667 p.
294 2626 373 2663 647,
398 2626 471 2661 37).

372 2683 400 2719 ⁴>
429 2693 488 2726 ep.
521 2684 586 2717 104
617 2694 651 2726 p.
682 2683 761 2726 582,
792 2684 915 2717 4-12.
1114 2683 1142 2727 ⁵)
1172 2694 1207 2727 p.
1240 2684 1318 2728 582,
1351 2684 1497 2718 13-27.

372 2742 400 2775 “’)
430 2750 488 2783 ep.
512 2741 556 2774 97
581 2751 615 2784 p.
640 2741 717 2783 517,
745 2741 889 2774 13—17.

372 2796 400 2827 ⁷1
430 2798 476 2830 cf.
493 2807 527 2839 p.
544 2798 621 2841 590,
639 2798 788 2831 10-12ῑ
804 2799 882 2841 6041,
899 2798 1069 2833 ils-4501.
1085 2799 1118 2832 *22
1134 2799 1373 2839 602.11»-12;
1389 2799 1534 2841 (ill-1203
1551 2799 1738 2834 Giufi-3.
