2078 3054
285 110 340 151 20
922 119 1062 156 inlex
1091 118 1166 156 Ill.

281 239 335 273 tia.
363 249 433 273 sua
460 238 632 284 graviter
660 238 837 281 exposita
871 248 1025 281 sperare
1055 248 1095 273 se
1123 238 1218 273 dicit
1246 238 1442 274 Aurelium
1472 240 1675 284 facturum,
1703 240 1805 285 quod

283 299 461 334 membris
494 298 680 334 ecclesiae
715 297 865 332 salubre
901 297 1176 341 perspexisset.
1222 297 1391 341 epistula
1424 299 1541 343 igitur
1575 311 1652 334 non
1685 300 1805 334 multo

283 362 367 400 post
394 357 486 391 illud
512 355 717 390 concilium
740 356 885 399 scripta
908 360 977 399 est,
1001 355 1039 390 id
1062 356 1164 400 quod
1187 356 1303 390 etiam
1326 366 1374 391 ex
1397 356 1531 400 primis
1554 357 1636 392 eius
1661 358 1803 392 verbis:

283 416 449 450 Litteras·
481 416 606 450 nullas·
639 418 727 450 tuae
758 415 1077 457 venerabilitatis,
1109 426 1169 450 ex
1201 425 1300 460 quo
1330 415 1390 450 ab
1422 417 1659 450 iaz-icem
1691 426 1806 450 2:05·-

283 475 565 519 7)0raliter
595 469 844 518 ‹A'iyress'i
875 484 933 508 su
947 484 1073 516 mus,
1105 474 1250 518 accepi,
1281 473 1406 508 conici
1439 477 1577 519 potest.

423 532 603 576 Epistula
626 533 666 567 61
699 532 902 567 Theodoro
932 533 1159 577 presbytero
1186 532 1455 577 interroganti,
1482 544 1557 577 quo
1585 533 1698 569 modo
1726 544 1806 568 sus-

284 591 453 635 cipiendi
490 595 620 626 essent
657 590 787 625 clerici
823 601 869 626 ex
908 595 1016 634 parte
1053 589 1208 635 Donati,
1245 590 1277 625 si
1313 589 1460 625 vellent
1495 601 1579 626 esse
1616 591 1807 635 catholici,

283 649 524 693 Augustinus
551 649 762 692 respondet
789 648 843 683 sic
871 659 937 683 eos
964 660 1004 684 se
1033 656 1313 692 suscepturum,
1341 653 1381 683 ut
1409 658 1486 683 non
1514 649 1637 684 solum
1664 650 1806 693 baptis-

283 718 385 742 mum
413 707 566 752 Christi,
595 717 704 752 quem
733 707 988 751 accepissent,
1016 707 1142 751 ipsum
1172 706 1358 742 haberent
1384 707 1452 742 sed
1479 707 1596 742 etiam
1624 708 1806 743 honorem

282 765 508 807 pactimonii
541 770 581 801 et
613 764 935 801 continentiam.¹)
984 765 1093 799 cuius
1128 764 1183 799 rei
1215 769 1449 808 potestatem
1484 764 1618 799 habuit
1652 764 1805 799 concilii

284 822 414 859 Idibus
449 823 737 868 Septembribus
768 834 802 859 a.
835 824 901 858 401
936 823 1170 868 Carthagine
1203 822 1323 858 habiti
1356 823 1525 867 decreto,
1557 832 1645 868 quo,
1677 823 1710 858 si
1742 823 1808 868 qui

283 881 412 916 clerici
439 881 668 917 Donatistae
696 885 870 916 correcto
899 881 1060 916 consilio
1089 881 1138 916 ad
1167 881 1396 916 catholicam
1424 880 1612 916 unitatem
1641 882 1806 915 transit-e

282 940 439 984 vellent,
463 940 674 975 secundum
698 939 999 985 uniuscqusque
1024 939 1199 984 episcopi
1222 938 1403 973 catholici
1426 938 1667 973 voluntatem
1690 942 1805 984 atque

282 997 496 1042 consilium,
533 998 599 1043 qui
639 997 677 1032 in
715 998 849 1033 eodem
887 997 973 1032 loco
1010 998 1245 1042 gubernaret
1282 996 1497 1040 ecclesiam,
1537 996 1569 1031 si
1606 997 1678 1031 hoc
1718 997 1805 1040 paci

280 1054 524 1091 Christianae
554 1055 738 1104 prodesse
765 1055 891 1090 visum
918 1059 1032 1100 esset,
1061 1055 1099 1090 in
1126 1055 1205 1089 suis
1232 1054 1441 1090 honoribus
1470 1053 1803 1099 susciperentur.‘-‘)

282 1113 411 1159 itaque
444 1119 482 1150 et
514 1113 768 1159 interrogatio
804 1118 839 1149 et
874 1123 1101 1157 responsum
1135 1113 1185 1148 ad
1218 1113 1435 1157 proximum
1469 1117 1559 1157 post
1591 1112 1685 1147 illud
1719 1122 1806 1147 con-

284 1171 414 1207 cilium
436 1176 589 1216 tempus
611 1175 801 1217 spectant.

423 1235 467 1271 In
497 1236 664 1279 epistula
694 1237 738 1272 62
765 1240 803 1271 et
831 1237 877 1272 63
904 1235 1096 1271 Timothei
1126 1230 1244 1270 causa
1272 1235 1412 1280 agitur,
1441 1234 1506 1280 qui
1536 1244 1621 1269 cum
1651 1233 1806 1278 Severo,

282 1293 464 1338 episcopo
500 1294 723 1329 Milevitano
762 1293 969 1328 iuravisset
1006 1303 1046 1329 se
1082 1293 1131 1327 ab
1167 1303 1212 1328 eo
1249 1294 1403 1328 omnino
1442 1302 1519 1327 non
1556 1302 1806 1326 recessurum.

281 1355 419 1396 postea
448 1353 488 1388 in
518 1353 689 1388 dioecesi
718 1351 978 1396 Hipponiensi
1007 1352 1112 1397 apud
1143 1351 1356 1388 Subsanam
1387 1351 1576 1387 diaconus
1606 1350 1808 1386 ordinatus

283 1413 352 1445 est.
398 1420 511 1454 quam
546 1410 595 1445 ob
628 1421 704 1445 rem
739 1421 825 1445 cum
859 1410 1089 1445 irasceretur
1124 1409 1302 1453 Severus,
1336 1409 1577 1454 Augustinus
1611 1419 1686 1443 una
1721 1418 1806 1443 cum

283 1469 426 1514 Alypio
448 1469 682 1515 Tagastensi
704 1473 744 1505 et
767 1468 966 1505 Samsucio
988 1469 1174 1505 Turrensi
1197 1469 1382 1513 episcopo
1405 1479 1492 1504 eum
1516 1468 1671 1513 placare
1695 1477 1807 1502 cona-

282 1531 344 1562 tus
364 1532 423 1562 est
442 1531 491 1572 et,
512 1537 598 1562 cum
620 1527 682 1563 ille
703 1527 799 1563 satis
819 1527 960 1563 acriter
980 1525 1292 1572 respondisset,³)
1314 1526 1438 1561 altera
1457 1525 1626 1570 epistula
1645 1524 1807 1570 exponit

282 1589 435 1628 praeter
466 1595 576 1620 suum
609 1585 811 1620 consilium
842 1590 881 1621 et
911 1585 1154 1620 voluntatem
1185 1584 1406 1620 ordinatum
1438 1594 1522 1620 esse
1552 1584 1807 1619 Timotheum.

282 1642 412 1688 itaque
436 1653 475 1678 se
499 1643 601 1678 illius
623 1642 820 1678 voluntati
840 1643 916 1678 iam
938 1642 1270 1687 obtemperavisse
1292 1646 1408 1687 atque
1430 1642 1674 1677 Timotheum
1695 1640 1807 1677 remi-

283 1700 390 1736 sisse.
426 1705 597 1737 ceterum
621 1701 947 1736 considerandum
971 1711 1056 1738 esse
1079 1700 1323 1736 Timotheum
1346 1701 1422 1735 iam
1446 1704 1548 1744 ante,
1573 1711 1687 1745 qua-m
1712 1699 1806 1734 illud

281 1757 339 1792 ius
381 1758 586 1794 iurandum
628 1758 811 1803 dedisset,
853 1758 1036 1794 lectorem
1079 1758 1197 1794 fuisse
1241 1758 1280 1793 in
1321 1758 1491 1794 dioecesi
1535 1756 1806 1802 Hipponiensi,

281 1816 463 1861 quoniam
490 1821 528 1852 et
555 1816 754 1853 Subsanae
782 1821 820 1853 et
846 1816 885 1852 in
912 1817 999 1852 aliis
1027 1816 1251 1852 civitatibus
1278 1816 1452 1862 legisset,
1480 1826 1550 1861 par
1577 1815 1694 1861 igitur
1721 1825 1805 1850 esse

282 1884 304 1908 a
326 1874 469 1910 Severo
492 1874 594 1910 idem
615 1874 708 1920 fieri,
730 1875 832 1921 quod
855 1874 939 1918 ipse
960 1874 1128 1919 fecisset,
1151 1879 1189 1910 et
1209 1873 1453 1909 Timotheum
1474 1873 1546 1909 sibi
1568 1873 1724 1908 remitti.
1757 1883 1804 1908 ex

281 1942 355 1976 qua
380 1932 591 1977 Augustini
615 1932 953 1978 argumentatione
978 1931 1233 1977 epistularum
1259 1936 1413 1976 tempus
1439 1931 1624 1966 constitui
1650 1930 1806 1966 videtur

281 1998 407 2032 posse.
447 1989 590 2025 etenim
618 1999 703 2025 cum
731 1989 771 2024 in
800 1989 963 2024 concilio
991 1989 1218 2025 Milevitano
1246 2000 1280 2026 a.
1307 1989 1344 2025 d.
1370 1988 1424 2023 VI
1453 1988 1541 2024 Kal.
1569 1987 1805 2033 Septembris

280 2057 314 2081 a.
334 2047 402 2081 402
421 2047 552 2082 habito
575 2047 773 2083 decretum
794 2047 853 2092 sit,
874 2051 917 2083 ut
938 2049 1169 2093 quicumque
1189 2048 1228 2082 in
1247 2048 1411 2082 ecclesia
1432 2048 1494 2081 vel
1513 2047 1632 2082 semel
1654 2047 1803 2091 leyerit,

281 2105 329 2138 ab
352 2105 430 2140 alia
452 2105 616 2140 ecclesia
639 2106 688 2141 ad
713 2106 938 2141 clericatum
959 2115 1037 2141 non
1061 2104 1283 2151 teneatur,⁴)
1309 2104 1422 2140 facile
1446 2104 1656 2140 concludas
1679 2103 1806 2139 Timo-

280 2161 358 2197 thei
385 2172 541 2198 causam
564 2162 677 2198 huius
701 2163 848 2199 decreti
871 2174 1005 2198 ansam
1030 2163 1186 2199 dedisse
1209 2174 1332 2208 neque
1357 2163 1477 2197 multo
1505 2167 1594 2197 ante
1619 2162 1802 2206 scriptam

281 2230 366 2255 esse
387 2224 591 2267 utramque
614 2221 832 2265 epistulam.

423 2277 465 2312 In
496 2276 661 2323 epistula
690 2279 736 2314 64
767 2290 801 2323 p.
832 2278 912 2323 231,
944 2280 1081 2314 14-17
1111 2280 1281 2324 loquitur
1310 2280 1551 2325 Augustinus
1582 2279 1629 2315 de
1661 2279 1805 2315 recenti

281 2336 457 2381 concilio,
477 2347 552 2382 quo
575 2341 762 2372 statutum
781 2342 895 2382 esset,
916 2342 968 2382 ut,
990 2339 1038 2373 de
1058 2338 1189 2384 aliquo
1209 2338 1445 2374 monasterio
1467 2339 1532 2384 qui
1552 2338 1805 2374 recessissent

280 2487 515 2521 monasterio
538 2488 722 2522 maiorem
746 2490 972 2526 monasterii
994 2490 1252 2533 constituerit,
1275 2491 1494 2535 episcopus,
1520 2491 1586 2535 qui
1608 2490 1681 2524 hoc
1705 2490 1804 2531 fece-

279 2544 340 2586 rit,
377 2556 399 2579 (ι
434 2547 649 2580 ceterorum
687 2548 956 2582 communione
993 2549 1192 2583 seiunctus
1228 2558 1322 2583 suae
1360 2551 1510 2583 tantum
1544 2548 1669 2593 plebis
1706 2558 1805 2582 com-

280 2605 460 2638 mnm'ouc
487 2607 693 2640 contentus
717 2607 768 2640 sit
799 2605 939 2649 (Mansi
965 2606 1101 2644 concil.
1127 2606 1212 2642 coll.
1238 2606 1292 2640 III
1319 2617 1354 2651 p.
1380 2607 1449 2643 779
1463 2606 1526 2651 D).

422 2665 450 2709 ¹)
481 2674 516 2707 p.
543 2663 623 2708 222,
651 2665 802 2709 18—193
842 2666 921 2710 2524,
948 2665 1097 2701 15—17.

421 2727 450 2767 ²¹)
480 2723 604 2759 Mansi
632 2724 767 2760 concil.
793 2725 877 2761 coll.
905 2724 958 2759 IlI
986 2736 1022 2771 p.
1050 2726 1115 2760 771
1131 2725 1176 2770 E3
1216 2726 1284 2761 774
1298 2725 1422 2760 A—B.

419 2786 449 2826 ³)
480 2792 515 2826 p.
542 2783 619 2818 226.
648 2784 795 2819 tsi—26.
1056 2786 1086 2829 ⁴)
1116 2784 1239 2820 'Mansi
1266 2786 1400 2821 concil.
1428 2786 1512 2821 coll.
1537 2785 1591 2819 lll
1619 2778 1656 2829 μ’
1680 2786 1747 2820 787
1763 2785 1802 2821 C.
