2078 3054
240 1947 264 1980 li
282 1947 361 1991 pic
380 1958 401 1981 u
419 1958 433 1981 r
449 1958 471 1981 u
488 1958 503 1981 s
561 1948 649 1982 nihil
708 1948 743 1982 in

904 139 1043 175 Index
1073 139 1116 175 V.
1699 129 1780 171 207

282 255 315 291 ΙΙ
349 255 429 300 681,
462 255 495 291 3.
531 253 716 289 videbant
749 252 1058 299 repugnanti-¹E
1074 262 1096 296 p
1113 252 1161 287 id
1177 262 1237 296 ap
1253 253 1274 287 h
1292 264 1313 287 n
1329 264 1456 290 aeae
1503 264 1617 299 rupes
1665 255 1680 289 Ι
1727 256 1782 293 91.

281 313 351 348 bus
397 313 459 348 vel
504 312 700 357 Epicureis
746 311 807 346 vel
854 310 992 346 Stoicis

282 372 401 406 multo
425 381 537 416 quam
561 369 631 405 sibi
655 369 805 405 facilius
829 369 992 414 palmam

282 429 440 464 (laturos
494 427 665 463 homines
718 427 753 462 II
804 426 884 471 682,
940 426 992 462 19.

281 487 415 523 Cicero
440 487 611 521 ostendit
636 490 882 531 oppugnatos
907 474 1011 529 esset

282 545 433 580 nomine
485 544 756 589 Epicureorum
807 547 847 578 et
897 542 994 578 Stoi-

282 613 412 638 corum
447 612 471 637 a
504 602 711 637 Platonicis
746 611 823 645 eos,
858 601 922 646 qui
957 601 1011 636 in'

282 660 453 705 corporis
500 659 562 694 vel
610 659 647 694 in
694 659 810 694 animi
857 658 1011 693 11311113ἶ

283 724 470 762 ponerent
493 722 531 753 et
553 717 664 753 finem
686 717 776 752 boni
795 722 832 752 et
854 727 990 752 causas
1009 726 1011 729 ’

283 786 406 811 rerum
446 778 485 810 et
523 775 777 810 ratiocinandi
816 774 993 810 fiduciam

282 834 316 868 lI
364 834 443 878 684,
491 834 523 868 2.
572 834 606 877 73
667 833 826 878 negavit
871 837 992 868 aeter-

282 903 370 926 num
413 892 525 926 deum
568 891 840 937 Epicureorum
882 901 994 936 posse

283 950 443 994 cogitari
480 949 514 984 11
547 949 628 992 693,
665 950 718 985 13.
754 959 840 984 cum
874 948 1011 984 Paulo¹

282 1018 359 1042 non
390 1007 511 1042 solum
541 1007 673 1042 Iudaei
703 1007 771 1042 sed
802 1007 915 1041 etiam
947 1007 994 1042 de

283 1065 431 1100 haeresi
468 1064 682 1100 Stoicorum
718 1069 756 1100 et
792 1065 994 1109 Epicureo-

284 1133 364 1157 rum
403 1123 619 1168 philosophi
655 1123 825 1168 gentium
864 1127 994 1159 contu-

284 1181 408 1215 lerunt
446 1181 479 1215 II
518 1182 596 1225 417,
637 1182 693 1224 11;
734 1181 779 1222 cf.
819 1180 898 1223 684,
940 1181 993 1214 11.

284 1239 356 1273 iam
394 1250 440 1274 ne
481 1239 646 1283 ipsorum
686 1239 836 1284 quidem
876 1238 993 1272 multo

282 1297 514 1342 Anaxagora
541 1297 792 1332 recentiorum
820 1296 995 1331 multum-

282 1365 354 1399 que
402 1355 618 1399 loquacium
667 1354 880 1389 Stoicorum
929 1357 995 1388 aut

284 1412 554 1456 Epicureorum
581 1413 727 1447 cineres
754 1412 876 1447 calere
902 1412 994 1446 dicit

284 1470 533 1515 Augustinus,
566 1470 666 1505 unde
701 1470 828 1515 aliqua
862 1474 994 1505 contra

283 1528 393 1563 tidem
434 1528 689 1563 Christianam
728 1528 896 1563 scintilla,
930 1539 1012 1570 ex-¹

284 1586 466 1620 citaretur
488 1586 519 1620 11
542 1587 622 1629 676,
646 1587 702 1630 18,
727 1597 872 1622 errores
895 1586 993 1620 enim

282 1644 451 1688 gentium
489 1645 524 1678 in
559 1644 615 1679 his
651 1644 812 1678 maxime
846 1643 993 1678 duabus

283 1702 397 1737 sectis
430 1702 635 1736 eminuisse
669 1708 703 1736 et
740 1703 898 1736 durasse
932 1712 992 1736 us-

283 1771 354 1803 que
389 1761 425 1794 111
459 1765 630 1804 tempora
665 1759 891 1796 Christiana.
926 1770 995 1794 sua

282 1823 407 1852 autem
466 1823 592 1852 aetate
651 1828 806 1861 prorsus
864 1819 992 1852 obmu-

284 1876 401 1910 tuisse
435 1875 466 1909 11
499 1876 578 1919 684,
612 1877 664 1910 17.

800 1943 993 1992 principiis

285 2018 406 2042 rerum
459 2008 582 2052 posuit
635 2013 783 2052 praeter
834 2012 994 2051 atomos,

284 2078 442 2111 quorum
499 2078 686 2103 concursu

284 2129 444 2162 mundos
494 2129 784 2163 innumerabiles
833 2135 867 2163 et
917 2130 993 2164 ani-

285 2189 427 2222 mantia
449 2194 486 2223 et
507 2189 609 2232 ipsas
630 2189 775 2224 animas
797 2190 875 2224 ficri
898 2189 991 2223 dixit

284 2255 321 2282 et
358 2249 450 2283 deos
488 2249 519 2282 11
555 2249 634 2285 692.
670 2250 704 2284 2:
741 2261 851 2294 quam
888 2251 993 2284 vani-

285 2313 401 2343 tatem
423 2309 555 2343 Cicero
578 2310 713 2344 refellit
735 2312 814 2346 693,
839 2311 890 2344 1⁵2.
913 2311 993 2345 eius

284 2370 400 2403 atomi
428 2380 503 2414 quo
531 2370 752 2404 refellantur
781 2371 793 2405 I
821 2372 854 2414 (1,
881 2373 911 2405 4.
938 2372 993 2404 10.

283 2440 357 2473 (1113
402 2441 441 2464 re
487 2430 725 2465 Democritus
770 2431 912 2465 distare
958 2432 993 2465 in

285 2490 519 2524 naturalibus
590 2491 877 2535 quaestionibus
948 2491 995 2526 ab

285 2550 449 2593 Epicuro
482 2551 673 2586 diceretur
723 2552 750 2585 ll
789 2553 867 2588 (591.
906 2553 991 2585 19--

284 2611 362 2651 (592,
401 2612 441 2644 15
477 2617 511 2645 et
549 2623 621 2655 (1113
660 2613 804 2647 1311011(ι
843 2613 994 2657 Epicuri

285 2671 434 2714 quidem
479 2672 525 2705 de
572 2673 638 2706 hae
686 2683 723 2706 re
768 2673 993 2707 sententiam

287 2731 409 2775 urgeri
439 2742 550 2775 posse
579 2738 725 2776 putaret
759 2733 993 2775 Augustinus

289 2791 316 2824 11
349 2793 427 2825 (55³3.
460 2792 490 2825 2.
523 2813 565 2816 —v
605 2803 633 2826 r.
669 2793 917 2827 Democritus.

1009 2024 1011 2038 1

744 2069 901 2103 fortuito
958 2056 1011 2103 etl

1077 312 1130 345 17.

1027 368 1056 403 Ε
1072 380 1094 413 p
1110 369 1119 403 i
1136 380 1158 413 p
1174 369 1195 403 h
1211 380 1231 403 a
1248 380 1270 403 11
1287 369 1334 404 iu
1350 380 1378 415 s,
1401 371 1603 415 episcopus
1623 371 1784 416 Cyprius

1076 427 1113 460 in
1179 427 1353 462 doctrina
1420 428 1631 464 catholicae
1698 428 1785 463 fidei

1079 484 1320 520 laudabiliter
1364 485 1596 530 diffamatus,
1639 487 1784 521 Graece

1076 543 1228 586 scripsit
1289 544 1335 578 de
1395 544 1626 588 haeresibus,
1686 555 1783 589 quac

1077 600 1229 635 fuerunt
1271 606 1358 645 post
1396 602 1603 637 adventum
1644 602 1785 636 domini

1076 663 1114 693 ct
1148 664 1236 693 ante
1276 659 1325 693 lv
1362 661 1439 704 447,
1475 660 1509 703 23
1557 661 1603 700 cs.
1638 661 1716 705 450,
1751 661 1782 695 (3.

1075 717 1122 751 de
1164 727 1293 752 earum
1337 728 1493 752 numero
1536 723 1718 762 quantum
1762 729 1784 752 a

1078 774 1281 810 Philastrio
1322 775 1493 810 differret
1544 776 1594 809 lv
1634 778 1712 820 447,
1753 777 1782 811 5.

1076 832 1188 877 longe
1218 832 1421 868 Philastrio
1452 833 1601 868 doctior
1630 833 1786 869 eminuit

1078 890 1128 924 IV
1179 891 1257 934 447,
1309 891 1362 925 10.
1413 890 1547 925 librum
1600 891 1786 935 Epiphani

1076 946 1344 989 Quodvultdeo
1376 949 1525 984 mittere
1557 949 1600 983 Α.
1632 953 1786 994 paratus

1077 1006 1163 1046 tuin
1210 1006 1332 1050 ipsum
1380 1007 1478 1041 enim
1527 1017 1566 1041 se
1612 1006 1787 1041 arbitrari

1075 1063 1279 1098 Philastrio
1310 1064 1460 1099 doctius
1491 1064 1536 1099 de
1568 1064 1786 1099 haeresibus

1078 1121 1244 1156 locutum
1277 1122 1325 1156 IV
1357 1123 1434 1157 448.
1465 1123 1496 1156 4.

1030 1179 1400 1224 episcopalis:
1430 1180 1475 1215 de
1505 1180 1695 1215 cathedris
1723 1180 1787 1215 ali-

1076 1238 1229 1283 quando
1256 1238 1566 1273 descendendum
1595 1244 1667 1281 est·,
1708 1239 1785 1282 epi-

1077 1296 1242 1339 scopalis
1279 1296 1377 1331 enim
1414 1297 1584 1340 dignitas
1619 1296 1785 1331 fructuo-

1078 1354 1153 1388 sior
1185 1353 1292 1388 nobis
1324 1354 1406 1390 erit,
1438 1354 1467 1388 si
1499 1364 1652 1399 gregem
1685 1354 1787 1389 Chri-

1081 1412 1128 1445 sti
1184 1412 1304 1455 magis
1360 1412 1535 1456 deposita
1589 1412 1783 1456 collegerit

1077 1480 1188 1513 quam
1222 1474 1367 1504 retenta
1400 1470 1621 1514 disperserit
1651 1470 1702 1503 ΙΙΙ
1732 1469 1788 1512 32,

1079 1528 1131 1562 19.
1159 1528 1213 1561 26.

1025 1596 1044 1620 e
1060 1596 1082 1629 p
1099 1585 1108 1619 i
1124 1595 1140 1619 s
1155 1596 1173 1619 c
1190 1595 1211 1619 o
1229 1591 1314 1629 pat
1333 1596 1353 1619 u
1371 1596 1401 1619 s:
1428 1586 1671 1629 episcopatus
1688 1595 1787 1630 pres-

1077 1643 1224 1686 hyterio
1254 1643 1372 1677 maior
1399 1648 1454 1677 est
1485 1643 1517 1677 ll
1543 1644 1623 1686 385,
1650 1644 1681 1677 6.
1711 1647 1786 1677 tam

1077 1700 1195 1736 multi.
1219 1705 1256 1734 ut
1280 1701 1542 1745 episcopatum
1566 1701 1786 1745 suscipiant.

1076 1762 1253 1793 tenentur
1284 1759 1405 1802 inviti,
1436 1759 1705 1803 perducuntur,
1735 1759 1787 1793 in-

1078 1816 1281 1851 cluduntur
1322 1820 1391 1852 etc.
1433 1817 1484 1851 ΙΙΙ
1523 1817 1602 1860 640,
1644 1817 1700 1860 18;
1740 1817 1786 1857 cs.

1078 1874 1128 1908 IV
1155 1875 1233 1917 348,
1261 1874 1315 1909 26.

1030 1942 1048 1965 e
1065 1932 1177 1975 pise
1194 1942 1215 1966 o
1232 1943 1254 1976 p
1270 1943 1292 1966 u
1309 1942 1324 1965 s
1344 1944 1350 1965 :
1383 1932 1429 1967 ad
1461 1932 1681 1976 episcopum
1713 1942 1787 1966 non

1077 1990 1241 2034 pertinet
1275 2000 1366 2024 cura
1401 1990 1551 2035 proprIa
1588 1989 1658 2024 nisi
1696 1999 1787 2024 suae

1077 2047 1276 2083 ecclesiae:
1309 2048 1345 2082 in
1377 2047 1460 2082 aliis
1492 2048 1590 2082 enim
1623 2047 1787 2081 civitati-

1077 2104 1145 2139 bus
1174 2109 1319 2139 tantum
1349 2106 1439 2149 agit,
1466 2105 1567 2150 quod
1593 2105 1641 2139 ad
1669 2105 1787 2139 eccle-

1077 2162 1169 2197 siam
1207 2163 1381 2207 pertinet,
1417 2166 1600 2207 (111311111111
1637 2162 1787 2206 permit-

1077 2227 1159 2255 tunt
1203 2221 1408 2255 earundem
1452 2221 1666 2255 civitatium
1708 2221 1784 2264 cpi-

1077 2279 1182 2321 scopi
1221 2278 1253 2311 ΙΙ
1290 2279 1343 2314 26,
1383 2279 1434 2312 13.
1472 2279 1523 2312 16.
1559 2278 1784 2322 peregrinus

1078 2335 1278 2380 episcopus
1315 2336 1421 2370 iuxta
1454 2336 1677 2370 considente
1714 2335 1788 2369 col-

1077 2393 1160 2436 lega
1199 2393 1248 2427 III
1284 2394 1340 2428 32.
1377 2394 1408 2427 Ξ.
1447 2394 1649 2438 episcopus
1687 2392 1785 2426 ultro

1076 2451 1123 2485 ad
1167 2450 1311 2494 plebem
1356 2450 1531 2493 scribere,
1575 2460 1671 2495 quae
1714 2451 1787 2484 dis-

1077 2509 1293 2551 pensationi
1335 2519 1424 2543 sune
1466 2509 1670 2542 commissa
1710 2518 1783 2542 11011

1077 2573 1169 2602 erat.
1199 2567 1350 2600 minime
1382 2572 1547 2610 poterat:
1577 2566 1784 2600 rescribere

1076 2629 1202 2658 autem
1240 2623 1417 2657 scribenti
1456 2628 1605 2668 poterat
1640 2623 1673 2657 II
1709 2623 1787 2657 230.

1078 2682 1131 2714 26.
1160 2681 1214 2715 25.
1243 2681 1289 2715 de
1317 2681 1581 2725 episcoporum
1609 2680 1787 2715 interces-

1079 2738 1183 2771 sione
1222 2748 1280 2781 ep.
1322 2739 1386 2771 152
1425 2742 1461 2772 et
1502 2739 1578 2773 153.
1617 2737 1786 2781 episcopi

1078 2795 1129 2829 uti
1162 2796 1309 2839 fruique
1341 2795 1449 2829 rebus
1479 2795 1664 2830 ecclesiae
1695 2799 1786 2828 13111-
