<?xml version="1.0" encoding="UTF-8"?>
<!DOCTYPE html PUBLIC "-//W3C//DTD XHTML 1.0 Transitional//EN"
    "http://www.w3.org/TR/xhtml1/DTD/xhtml1-transitional.dtd">
<html xmlns="http://www.w3.org/1999/xhtml" xml:lang="en" lang="en">
 <head>
  <title>
</title>
<meta http-equiv="Content-Type" content="text/html;charset=utf-8" />
  <meta name='ocr-system' content='tesseract 3.04.00' />
  <meta name='ocr-capabilities' content='ocr_page ocr_carea ocr_par ocr_line ocrx_word'/>
</head>
<body>
  <div class='ocr_page' id='page_1' title='image "./corpusscriptorum58auguuoft_0385.png"; bbox 0 0 2078 3054; ppageno 0'>
   <div class='ocr_carea' id='block_1_1' title="bbox 280 1814 1053 1915">
    <p class='ocr_par' dir='ltr' id='par_1_1' title="bbox 280 1814 1053 1915">
     <span class='ocr_line' id='line_1_1' title="bbox 280 1814 558 1849; baseline 0.004 -1"><span class='ocrx_word' id='word_1_1' title='bbox 280 1814 558 1849; x_wconf 75' lang='lat' dir='ltr'>Paulinus.</span> 
     </span>
     <span class='ocr_line' id='line_1_2' title="bbox 325 1864 1053 1915; baseline 0 -10"><span class='ocrx_word' id='word_1_2' title='bbox 325 1871 448 1906; x_wconf 81' lang='lat' dir='ltr'>factus</span> <span class='ocrx_word' id='word_1_3' title='bbox 484 1876 596 1908; x_wconf 88' lang='lat' dir='ltr'>esset.</span> <span class='ocrx_word' id='word_1_4' title='bbox 634 1872 860 1915; x_wconf 86' lang='lat' dir='ltr'>sapientiam</span> <span class='ocrx_word' id='word_1_5' title='bbox 902 1871 1031 1906; x_wconf 87' lang='lat' dir='ltr'>mundi</span> <span class='ocrx_word' id='word_1_6' title='bbox 1051 1864 1053 1894; x_wconf 67' lang='lat'>⁴]</span> 
     </span>
    </p>
   </div>
   <div class='ocr_carea' id='block_1_2' title="bbox 946 143 1156 179">
    <p class='ocr_par' dir='ltr' id='par_1_2' title="bbox 946 143 1156 179">
     <span class='ocr_line' id='line_1_3' title="bbox 946 143 1156 179; baseline 0 -2"><span class='ocrx_word' id='word_1_7' title='bbox 946 143 1088 179; x_wconf 87' lang='lat' dir='ltr'>Index</span> <span class='ocrx_word' id='word_1_8' title='bbox 1114 144 1156 178; x_wconf 86' lang='lat' dir='ltr'>V.</span> 
     </span>
    </p>
   </div>
   <div class='ocr_carea' id='block_1_3' title="bbox 326 258 1036 357">
    <p class='ocr_par' dir='ltr' id='par_1_3' title="bbox 326 258 1036 357">
     <span class='ocr_line' id='line_1_4' title="bbox 326 258 1036 303; baseline -0.003 -9"><span class='ocrx_word' id='word_1_9' title='bbox 326 270 455 294; x_wconf 86' lang='lat' dir='ltr'>earum</span> <span class='ocrx_word' id='word_1_10' title='bbox 496 258 646 293; x_wconf 89' lang='lat' dir='ltr'>nomine</span> <span class='ocrx_word' id='word_1_11' title='bbox 686 258 941 303; x_wconf 81' lang='lat' dir='ltr'>Hieronymus</span> <span class='ocrx_word' id='word_1_12' title='bbox 979 267 1036 292; x_wconf 84' lang='lat' dir='ltr'>sa-</span> 
     </span>
     <span class='ocr_line' id='line_1_5' title="bbox 328 315 778 357; baseline -0.002 -7"><span class='ocrx_word' id='word_1_13' title='bbox 328 316 465 351; x_wconf 86' lang='lat' dir='ltr'>lutavit</span> <span class='ocrx_word' id='word_1_14' title='bbox 493 316 537 350; x_wconf 85' lang='lat' dir='ltr'>A.</span> <span class='ocrx_word' id='word_1_15' title='bbox 564 315 616 349; x_wconf 86' lang='lat'>111</span> <span class='ocrx_word' id='word_1_16' title='bbox 642 316 721 357; x_wconf 82' lang='lat'>638,</span> <span class='ocrx_word' id='word_1_17' title='bbox 747 316 778 349; x_wconf 94' lang='lat'>7.</span> 
     </span>
    </p>
   </div>
   <div class='ocr_carea' id='block_1_4' title="bbox 282 372 1036 408">
    <p class='ocr_par' dir='ltr' id='par_1_4' title="bbox 282 372 1036 408">
     <span class='ocr_line' id='line_1_6' title="bbox 282 372 1036 408; baseline -0.003 0"><span class='ocrx_word' id='word_1_18' title='bbox 282 373 511 408; x_wconf 88' lang='lat' dir='ltr'>l&#39;aulina</span> <span class='ocrx_word' id='word_1_19' title='bbox 555 378 589 408; x_wconf 91' lang='lat' dir='ltr'>et</span> <span class='ocrx_word' id='word_1_20' title='bbox 638 373 718 407; x_wconf 88' lang='lat' dir='ltr'>eius</span> <span class='ocrx_word' id='word_1_21' title='bbox 764 372 923 407; x_wconf 87' lang='lat' dir='ltr'>maritus</span> <span class='ocrx_word' id='word_1_22' title='bbox 969 372 1036 406; x_wconf 82' lang='lat' dir='ltr'>Ar-</span> 
     </span>
    </p>
   </div>
   <div class='ocr_carea' id='block_1_5' title="bbox 279 430 1037 1682">
    <p class='ocr_par' dir='ltr' id='par_1_5' title="bbox 324 430 1037 1618">
     <span class='ocr_line' id='line_1_7' title="bbox 326 430 1036 465; baseline -0.003 0"><span class='ocrx_word' id='word_1_23' title='bbox 326 430 535 465; x_wconf 84' lang='lat' dir='ltr'>mentarius</span> <span class='ocrx_word' id='word_1_24' title='bbox 570 430 845 465; x_wconf 78' lang='lat' dir='ltr'>continentiam</span> <span class='ocrx_word' id='word_1_25' title='bbox 883 431 920 465; x_wconf 90' lang='lat' dir='ltr'>in</span> <span class='ocrx_word' id='word_1_26' title='bbox 955 430 1036 464; x_wconf 87' lang='lat' dir='ltr'>vita</span> 
     </span>
     <span class='ocr_line' id='line_1_8' title="bbox 327 487 1033 533; baseline -0.001 -11"><span class='ocrx_word' id='word_1_27' title='bbox 327 488 519 533; x_wconf 73' lang='lat' dir='ltr'>coniugali</span> <span class='ocrx_word' id='word_1_28' title='bbox 559 492 751 522; x_wconf 89' lang='lat' dir='ltr'>voverunt</span> <span class='ocrx_word' id='word_1_29' title='bbox 789 487 842 521; x_wconf 84' lang='lat' dir='ltr'>Ill</span> <span class='ocrx_word' id='word_1_30' title='bbox 881 487 935 531; x_wconf 87' lang='lat'>27,</span> <span class='ocrx_word' id='word_1_31' title='bbox 977 487 1033 530; x_wconf 77' lang='lat'>163</span> 
     </span>
     <span class='ocr_line' id='line_1_9' title="bbox 327 544 1033 590; baseline -0.001 -11"><span class='ocrx_word' id='word_1_32' title='bbox 327 546 373 586; x_wconf 72' lang='lat' dir='ltr'>cf.</span> <span class='ocrx_word' id='word_1_33' title='bbox 403 546 454 586; x_wconf 90' lang='lat'>19,</span> <span class='ocrx_word' id='word_1_34' title='bbox 483 545 513 580; x_wconf 86' lang='lat'>6.</span> <span class='ocrx_word' id='word_1_35' title='bbox 545 545 597 580; x_wconf 87' lang='lat'>12.</span> <span class='ocrx_word' id='word_1_36' title='bbox 627 545 681 589; x_wconf 85' lang='lat'>25,</span> <span class='ocrx_word' id='word_1_37' title='bbox 710 546 762 580; x_wconf 89' lang='lat'>10.</span> <span class='ocrx_word' id='word_1_38' title='bbox 788 546 843 580; x_wconf 82' lang='lat'>26.</span> <span class='ocrx_word' id='word_1_39' title='bbox 872 545 902 579; x_wconf 87' lang='lat'>8.</span> <span class='ocrx_word' id='word_1_40' title='bbox 932 544 1033 590; x_wconf 87' lang='lat' dir='ltr'>quod</span> 
     </span>
     <span class='ocr_line' id='line_1_10' title="bbox 327 603 1035 648; baseline -0.001 -11"><span class='ocrx_word' id='word_1_41' title='bbox 327 603 388 637; x_wconf 92' lang='lat' dir='ltr'>ubi</span> <span class='ocrx_word' id='word_1_42' title='bbox 425 603 467 637; x_wconf 91' lang='lat' dir='ltr'>A.</span> <span class='ocrx_word' id='word_1_43' title='bbox 504 603 672 648; x_wconf 81' lang='lat' dir='ltr'>rescivit,</span> <span class='ocrx_word' id='word_1_44' title='bbox 707 608 746 638; x_wconf 90' lang='lat' dir='ltr'>ut</span> <span class='ocrx_word' id='word_1_45' title='bbox 782 613 911 637; x_wconf 91' lang='lat' dir='ltr'>eorum</span> <span class='ocrx_word' id='word_1_46' title='bbox 948 612 1035 636; x_wconf 88' lang='lat' dir='ltr'>con-</span> 
     </span>
     <span class='ocr_line' id='line_1_11' title="bbox 327 660 1035 703; baseline 0 -9"><span class='ocrx_word' id='word_1_47' title='bbox 327 660 450 695; x_wconf 90' lang='lat' dir='ltr'>silium</span> <span class='ocrx_word' id='word_1_48' title='bbox 492 660 745 703; x_wconf 81' lang='lat' dir='ltr'>confirmaret,</span> <span class='ocrx_word' id='word_1_49' title='bbox 782 661 830 695; x_wconf 83' lang='lat' dir='ltr'>ad</span> <span class='ocrx_word' id='word_1_50' title='bbox 868 671 932 694; x_wconf 89' lang='lat' dir='ltr'>eos</span> <span class='ocrx_word' id='word_1_51' title='bbox 969 660 1035 694; x_wconf 91' lang='lat' dir='ltr'>mi-</span> 
     </span>
     <span class='ocr_line' id='line_1_12' title="bbox 327 718 1033 761; baseline 0.001 -11"><span class='ocrx_word' id='word_1_52' title='bbox 327 719 375 752; x_wconf 85' lang='lat' dir='ltr'>sit</span> <span class='ocrx_word' id='word_1_53' title='bbox 405 729 463 761; x_wconf 88' lang='lat' dir='ltr'>ep.</span> <span class='ocrx_word' id='word_1_54' title='bbox 496 718 574 752; x_wconf 83' lang='lat'>127:</span> <span class='ocrx_word' id='word_1_55' title='bbox 606 718 760 753; x_wconf 75' lang='lat' dir='ltr'>rescivit</span> <span class='ocrx_word' id='word_1_56' title='bbox 792 718 829 752; x_wconf 89' lang='lat' dir='ltr'>id</span> <span class='ocrx_word' id='word_1_57' title='bbox 857 722 981 752; x_wconf 88' lang='lat' dir='ltr'>autem</span> <span class='ocrx_word' id='word_1_58' title='bbox 1012 727 1033 751; x_wconf 88' lang='lat' dir='ltr'>a</span> 
     </span>
     <span class='ocr_line' id='line_1_13' title="bbox 329 775 1037 819; baseline 0 -10"><span class='ocrx_word' id='word_1_59' title='bbox 329 775 496 818; x_wconf 80' lang='lat' dir='ltr'>Ruferio,</span> <span class='ocrx_word' id='word_1_60' title='bbox 532 775 594 819; x_wconf 79' lang='lat' dir='ltr'>qui</span> <span class='ocrx_word' id='word_1_61' title='bbox 631 775 765 809; x_wconf 73' lang='lat' dir='ltr'>adfinis</span> <span class='ocrx_word' id='word_1_62' title='bbox 802 785 930 809; x_wconf 86' lang='lat' dir='ltr'>eorum</span> <span class='ocrx_word' id='word_1_63' title='bbox 967 775 1037 809; x_wconf 86' lang='lat' dir='ltr'>fuit</span> 
     </span>
     <span class='ocr_line' id='line_1_14' title="bbox 328 831 1033 877; baseline 0 -11"><span class='ocrx_word' id='word_1_64' title='bbox 328 833 378 866; x_wconf 88' lang='lat'>111</span> <span class='ocrx_word' id='word_1_65' title='bbox 426 833 478 869; x_wconf 84' lang='lat'>19.</span> <span class='ocrx_word' id='word_1_66' title='bbox 523 833 554 866; x_wconf 95' lang='lat'>5.</span> <span class='ocrx_word' id='word_1_67' title='bbox 611 833 808 877; x_wconf 69' lang='lat' dir='ltr'>aliquanto</span> <span class='ocrx_word' id='word_1_68' title='bbox 855 837 939 875; x_wconf 88' lang='lat' dir='ltr'>post</span> <span class='ocrx_word' id='word_1_69' title='bbox 986 831 1033 866; x_wconf 90' lang='lat' dir='ltr'>ad</span> 
     </span>
     <span class='ocr_line' id='line_1_15' title="bbox 327 890 1032 934; baseline 0 -10"><span class='ocrx_word' id='word_1_70' title='bbox 327 890 525 925; x_wconf 81' lang='lat' dir='ltr'>Paulinam</span> <span class='ocrx_word' id='word_1_71' title='bbox 595 890 699 925; x_wconf 83' lang='lat' dir='ltr'>dedit</span> <span class='ocrx_word' id='word_1_72' title='bbox 771 890 1032 934; x_wconf 73' lang='lat' dir='ltr'>longissimam</span> 
     </span>
     <span class='ocr_line' id='line_1_16' title="bbox 326 947 1033 991; baseline -0.001 -9"><span class='ocrx_word' id='word_1_73' title='bbox 326 958 383 991; x_wconf 91' lang='lat' dir='ltr'>ep.</span> <span class='ocrx_word' id='word_1_74' title='bbox 414 949 478 982; x_wconf 89' lang='lat'>147</span> <span class='ocrx_word' id='word_1_75' title='bbox 505 948 585 982; x_wconf 85' lang='lat' dir='ltr'>sive</span> <span class='ocrx_word' id='word_1_76' title='bbox 615 947 749 982; x_wconf 91' lang='lat' dir='ltr'>librum</span> <span class='ocrx_word' id='word_1_77' title='bbox 780 948 836 982; x_wconf 77' lang='lat' dir='ltr'>‘de</span> <span class='ocrx_word' id='word_1_78' title='bbox 865 947 1033 982; x_wconf 88' lang='lat' dir='ltr'>videndo</span> 
     </span>
     <span class='ocr_line' id='line_1_17' title="bbox 327 1005 1034 1050; baseline -0.001 -11"><span class='ocrx_word' id='word_1_79' title='bbox 327 1005 420 1045; x_wconf 74' lang='lat' dir='ltr'>deo‘,</span> <span class='ocrx_word' id='word_1_80' title='bbox 447 1006 588 1050; x_wconf 84' lang='lat' dir='ltr'>quippe</span> <span class='ocrx_word' id='word_1_81' title='bbox 613 1016 709 1050; x_wconf 83' lang='lat' dir='ltr'>quae</span> <span class='ocrx_word' id='word_1_82' title='bbox 735 1006 782 1040; x_wconf 91' lang='lat' dir='ltr'>ab</span> <span class='ocrx_word' id='word_1_83' title='bbox 807 1016 851 1040; x_wconf 86' lang='lat' dir='ltr'>eo</span> <span class='ocrx_word' id='word_1_84' title='bbox 879 1005 1034 1049; x_wconf 87' lang='lat' dir='ltr'>petivis-</span> 
     </span>
     <span class='ocr_line' id='line_1_18' title="bbox 326 1062 1032 1105; baseline 0.001 -10"><span class='ocrx_word' id='word_1_85' title='bbox 326 1067 393 1098; x_wconf 86' lang='lat' dir='ltr'>set.</span> <span class='ocrx_word' id='word_1_86' title='bbox 426 1068 463 1098; x_wconf 94' lang='lat' dir='ltr'>ut</span> <span class='ocrx_word' id='word_1_87' title='bbox 498 1063 543 1098; x_wconf 86' lang='lat' dir='ltr'>de</span> <span class='ocrx_word' id='word_1_88' title='bbox 578 1062 759 1097; x_wconf 74' lang='lat' dir='ltr'>invisibili</span> <span class='ocrx_word' id='word_1_89' title='bbox 791 1063 876 1105; x_wconf 86' lang='lat' dir='ltr'>deo,</span> <span class='ocrx_word' id='word_1_90' title='bbox 907 1067 1032 1097; x_wconf 90' lang='lat' dir='ltr'>utrum</span> 
     </span>
     <span class='ocr_line' id='line_1_19' title="bbox 325 1121 1032 1163; baseline -0.001 -9"><span class='ocrx_word' id='word_1_91' title='bbox 325 1129 391 1162; x_wconf 86' lang='lat' dir='ltr'>per</span> <span class='ocrx_word' id='word_1_92' title='bbox 448 1121 579 1155; x_wconf 83' lang='lat' dir='ltr'>oeulos</span> <span class='ocrx_word' id='word_1_93' title='bbox 640 1130 845 1163; x_wconf 85' lang='lat' dir='ltr'>corporeos</span> <span class='ocrx_word' id='word_1_94' title='bbox 903 1123 1032 1163; x_wconf 86' lang='lat' dir='ltr'>posset</span> 
     </span>
     <span class='ocr_line' id='line_1_20' title="bbox 324 1178 1034 1223; baseline 0 -11"><span class='ocrx_word' id='word_1_95' title='bbox 324 1178 458 1222; x_wconf 90' lang='lat' dir='ltr'>videri,</span> <span class='ocrx_word' id='word_1_96' title='bbox 496 1179 643 1221; x_wconf 87' lang='lat' dir='ltr'>prolixe</span> <span class='ocrx_word' id='word_1_97' title='bbox 681 1178 1034 1223; x_wconf 80' lang='lat' dir='ltr'>aliquid&#39;copiose-</span> 
     </span>
     <span class='ocr_line' id='line_1_21' title="bbox 326 1235 1033 1280; baseline -0.001 -10"><span class='ocrx_word' id='word_1_98' title='bbox 326 1247 396 1280; x_wconf 76' lang='lat' dir='ltr'>que</span> <span class='ocrx_word' id='word_1_99' title='bbox 439 1236 508 1270; x_wconf 89' lang='lat' dir='ltr'>sibi</span> <span class='ocrx_word' id='word_1_100' title='bbox 548 1237 741 1275; x_wconf 71' lang='lat' dir='ltr'>scriberet,</span> <span class='ocrx_word' id='word_1_101' title='bbox 794 1240 828 1270; x_wconf 85' lang='lat' dir='ltr'>et</span> <span class='ocrx_word' id='word_1_102' title='bbox 872 1235 952 1279; x_wconf 91' lang='lat' dir='ltr'>ipse</span> <span class='ocrx_word' id='word_1_103' title='bbox 995 1235 1033 1269; x_wconf 84' lang='lat' dir='ltr'>id</span> 
     </span>
     <span class='ocr_line' id='line_1_22' title="bbox 327 1293 1033 1336; baseline 0.003 -11"><span class='ocrx_word' id='word_1_104' title='bbox 327 1293 562 1336; x_wconf 68' lang='lat' dir='ltr'>promisisset</span> <span class='ocrx_word' id='word_1_105' title='bbox 615 1293 669 1327; x_wconf 90' lang='grc' dir='ltr'>ΙΙΙ</span> <span class='ocrx_word' id='word_1_106' title='bbox 717 1294 794 1335; x_wconf 80' lang='lat'>274,</span> <span class='ocrx_word' id='word_1_107' title='bbox 849 1294 899 1327; x_wconf 88' lang='grc'>13.</span> <span class='ocrx_word' id='word_1_108' title='bbox 952 1293 1033 1336; x_wconf 86' lang='lat' dir='ltr'>ipse</span> 
     </span>
     <span class='ocr_line' id='line_1_23' title="bbox 325 1350 1034 1395; baseline 0.006 -13"><span class='ocrx_word' id='word_1_109' title='bbox 325 1351 438 1385; x_wconf 79' lang='lat' dir='ltr'>etiam</span> <span class='ocrx_word' id='word_1_110' title='bbox 475 1351 715 1386; x_wconf 83' lang='lat' dir='ltr'>occasionem</span> <span class='ocrx_word' id='word_1_111' title='bbox 753 1351 801 1385; x_wconf 88' lang='lat' dir='ltr'>ad</span> <span class='ocrx_word' id='word_1_112' title='bbox 838 1350 934 1385; x_wconf 88' lang='lat' dir='ltr'>banc</span> <span class='ocrx_word' id='word_1_113' title='bbox 972 1361 1034 1395; x_wconf 64' lang='lat' dir='ltr'>pe&lt;</span> 
     </span>
     <span class='ocr_line' id='line_1_24' title="bbox 325 1408 1032 1451; baseline 0 -9"><span class='ocrx_word' id='word_1_114' title='bbox 325 1409 498 1444; x_wconf 86' lang='lat' dir='ltr'>titionem</span> <span class='ocrx_word' id='word_1_115' title='bbox 539 1409 696 1443; x_wconf 88' lang='lat' dir='ltr'>dederat</span> <span class='ocrx_word' id='word_1_116' title='bbox 741 1409 845 1443; x_wconf 87' lang='lat' dir='ltr'>brevi</span> <span class='ocrx_word' id='word_1_117' title='bbox 886 1418 943 1451; x_wconf 82' lang='lat' dir='ltr'>ep.</span> <span class='ocrx_word' id='word_1_118' title='bbox 985 1408 1032 1442; x_wconf 87' lang='lat' dir='ltr'>ad</span> 
     </span>
     <span class='ocr_line' id='line_1_25' title="bbox 325 1466 1032 1506; baseline 0.001 -7"><span class='ocrx_word' id='word_1_119' title='bbox 325 1466 523 1500; x_wconf 77' lang='lat' dir='ltr'>Paulinam</span> <span class='ocrx_word' id='word_1_120' title='bbox 573 1466 690 1500; x_wconf 87' lang='lat' dir='ltr'>missa</span> <span class='ocrx_word' id='word_1_121' title='bbox 750 1466 803 1500; x_wconf 94' lang='grc' dir='ltr'>ΙΙΙ</span> <span class='ocrx_word' id='word_1_122' title='bbox 852 1466 929 1506; x_wconf 84' lang='lat'>288,</span> <span class='ocrx_word' id='word_1_123' title='bbox 981 1466 1032 1500; x_wconf 89' lang='lat'>18.</span> 
     </span>
     <span class='ocr_line' id='line_1_26' title="bbox 324 1523 1033 1568; baseline 0.001 -11"><span class='ocrx_word' id='word_1_124' title='bbox 324 1523 485 1558; x_wconf 84' lang='lat' dir='ltr'>Paulina</span> <span class='ocrx_word' id='word_1_125' title='bbox 519 1528 607 1558; x_wconf 74' lang='lat' dir='ltr'>tun(¹</span> <span class='ocrx_word' id='word_1_126' title='bbox 642 1529 721 1558; x_wconf 87' lang='lat' dir='ltr'>erat</span> <span class='ocrx_word' id='word_1_127' title='bbox 758 1524 868 1558; x_wconf 85' lang='lat' dir='ltr'>annis</span> <span class='ocrx_word' id='word_1_128' title='bbox 903 1524 1033 1568; x_wconf 71' lang='lat' dir='ltr'>gravis</span> 
     </span>
     <span class='ocr_line' id='line_1_27' title="bbox 326 1580 541 1618; baseline 0.009 -5"><span class='ocrx_word' id='word_1_129' title='bbox 326 1580 379 1614; x_wconf 92' lang='lat' dir='ltr'>III</span> <span class='ocrx_word' id='word_1_130' title='bbox 407 1581 484 1618; x_wconf 84' lang='lat'>276.</span> <span class='ocrx_word' id='word_1_131' title='bbox 510 1581 541 1615; x_wconf 88' lang='lat'>5.</span> 
     </span>
    </p>

    <p class='ocr_par' dir='ltr' id='par_1_6' title="bbox 279 1637 1031 1682">
     <span class='ocr_line' id='line_1_28' title="bbox 279 1637 1031 1682; baseline 0.003 -11"><span class='ocrx_word' id='word_1_132' title='bbox 279 1637 659 1674; x_wconf 80' lang='lat' dir='ltr'>Paulinianum</span> <span class='ocrx_word' id='word_1_133' title='bbox 704 1640 738 1673; x_wconf 91' lang='lat' dir='ltr'>in</span> <span class='ocrx_word' id='word_1_134' title='bbox 779 1639 943 1682; x_wconf 72' lang='lat' dir='ltr'>epistula</span> <span class='ocrx_word' id='word_1_135' title='bbox 984 1638 1031 1673; x_wconf 85' lang='lat' dir='ltr'>ad</span> 
     </span>
    </p>
   </div>
   <div class='ocr_carea' id='block_1_6' title="bbox 326 1695 1053 1741">
    <p class='ocr_par' dir='ltr' id='par_1_7' title="bbox 326 1695 1053 1741">
     <span class='ocr_line' id='line_1_29' title="bbox 326 1695 1053 1741; baseline 0.007 -13"><span class='ocrx_word' id='word_1_136' title='bbox 326 1695 597 1740; x_wconf 60' lang='lat' dir='ltr'>Hieronymum</span> <span class='ocrx_word' id='word_1_137' title='bbox 626 1697 716 1731; x_wconf 86' lang='lat' dir='ltr'>data</span> <span class='ocrx_word' id='word_1_138' title='bbox 747 1698 819 1741; x_wconf 78' lang='lat' dir='ltr'>(ep.</span> <span class='ocrx_word' id='word_1_139' title='bbox 847 1697 906 1730; x_wconf 65' lang='grc'>67)</span> <span class='ocrx_word' id='word_1_140' title='bbox 936 1696 1053 1733; x_wconf 66' lang='lat' dir='ltr'>salu-,</span> 
     </span>
    </p>
   </div>
   <div class='ocr_carea' id='block_1_7' title="bbox 325 1753 1037 1858">
    <p class='ocr_par' dir='ltr' id='par_1_8' title="bbox 325 1753 1037 1858">
     <span class='ocr_line' id='line_1_30' title="bbox 325 1753 723 1791; baseline 0.003 -4"><span class='ocrx_word' id='word_1_141' title='bbox 325 1754 420 1788; x_wconf 90' lang='lat' dir='ltr'>tavit</span> <span class='ocrx_word' id='word_1_142' title='bbox 453 1754 494 1788; x_wconf 84' lang='lat' dir='ltr'>A.</span> <span class='ocrx_word' id='word_1_143' title='bbox 525 1753 558 1787; x_wconf 95' lang='grc' dir='ltr'>ΙΙ</span> <span class='ocrx_word' id='word_1_144' title='bbox 588 1755 664 1791; x_wconf 71' lang='lat'>239.</span> <span class='ocrx_word' id='word_1_145' title='bbox 693 1755 723 1788; x_wconf 86' lang='lat'>8.</span> 
     </span>
     <span class='ocr_line' id='line_1_31' title="bbox 616 1813 1037 1858; baseline -0.002 -11"><span class='ocrx_word' id='word_1_146' title='bbox 616 1815 741 1858; x_wconf 74' lang='lat' dir='ltr'>quoad</span> <span class='ocrx_word' id='word_1_147' title='bbox 799 1813 1037 1848; x_wconf 59' lang='lat' dir='ltr'>Christianus·</span> 
     </span>
    </p>
   </div>
   <div class='ocr_carea' id='block_1_8' title="bbox 326 1930 1032 2203">
    <p class='ocr_par' dir='ltr' id='par_1_9' title="bbox 326 1930 1032 2203">
     <span class='ocr_line' id='line_1_32' title="bbox 326 1930 1031 1972; baseline 0 -10"><span class='ocrx_word' id='word_1_148' title='bbox 326 1940 364 1962; x_wconf 84' lang='lat' dir='ltr'>se</span> <span class='ocrx_word' id='word_1_149' title='bbox 408 1930 582 1964; x_wconf 87' lang='lat' dir='ltr'>miratum</span> <span class='ocrx_word' id='word_1_150' title='bbox 627 1940 709 1964; x_wconf 79' lang='lat' dir='ltr'>esse</span> <span class='ocrx_word' id='word_1_151' title='bbox 751 1930 841 1963; x_wconf 73' lang='lat' dir='ltr'>&lt;licit</span> <span class='ocrx_word' id='word_1_152' title='bbox 887 1934 920 1964; x_wconf 86' lang='lat' dir='ltr'>et</span> <span class='ocrx_word' id='word_1_153' title='bbox 966 1940 1031 1972; x_wconf 90' lang='lat' dir='ltr'>per</span> 
     </span>
     <span class='ocr_line' id='line_1_33' title="bbox 327 1987 1031 2031; baseline 0.001 -11"><span class='ocrx_word' id='word_1_154' title='bbox 327 1987 478 2021; x_wconf 81' lang='lat' dir='ltr'>inutiles</span> <span class='ocrx_word' id='word_1_155' title='bbox 522 1987 670 2022; x_wconf 74' lang='lat' dir='ltr'>litteras</span> <span class='ocrx_word' id='word_1_156' title='bbox 715 1988 1031 2031; x_wconf 73' lang='lat' dir='ltr'>reprobatamque</span> 
     </span>
     <span class='ocr_line' id='line_1_34' title="bbox 326 2045 1032 2087; baseline 0.003 -11"><span class='ocrx_word' id='word_1_157' title='bbox 326 2045 566 2087; x_wconf 76' lang='lat' dir='ltr'>prudentiam</span> <span class='ocrx_word' id='word_1_158' title='bbox 599 2045 669 2079; x_wconf 85' lang='lat' dir='ltr'>deo</span> <span class='ocrx_word' id='word_1_159' title='bbox 701 2045 857 2079; x_wconf 80' lang='lat' dir='ltr'>stultum</span> <span class='ocrx_word' id='word_1_160' title='bbox 888 2049 922 2078; x_wconf 86' lang='lat' dir='ltr'>et</span> <span class='ocrx_word' id='word_1_161' title='bbox 956 2055 1032 2078; x_wconf 87' lang='lat' dir='ltr'>mu-</span> 
     </span>
     <span class='ocr_line' id='line_1_35' title="bbox 326 2102 1031 2145; baseline 0.001 -11"><span class='ocrx_word' id='word_1_162' title='bbox 326 2106 401 2135; x_wconf 89' lang='lat' dir='ltr'>tum</span> <span class='ocrx_word' id='word_1_163' title='bbox 438 2102 554 2136; x_wconf 83' lang='lat' dir='ltr'>fuisse</span> <span class='ocrx_word' id='word_1_164' title='bbox 588 2103 600 2136; x_wconf 92' lang='lat' dir='ltr'>l</span> <span class='ocrx_word' id='word_1_165' title='bbox 636 2104 690 2139; x_wconf 77' lang='lat'>80.</span> <span class='ocrx_word' id='word_1_166' title='bbox 722 2104 752 2136; x_wconf 71' lang='lat'>4.</span> <span class='ocrx_word' id='word_1_167' title='bbox 787 2114 806 2136; x_wconf 87' lang='lat' dir='ltr'>a</span> <span class='ocrx_word' id='word_1_168' title='bbox 845 2102 1031 2145; x_wconf 68' lang='lat' dir='ltr'>llelpbino</span> 
     </span>
     <span class='ocr_line' id='line_1_36' title="bbox 326 2159 1032 2203; baseline 0.001 -11"><span class='ocrx_word' id='word_1_169' title='bbox 326 2159 554 2202; x_wconf 68' lang='lat' dir='ltr'>Burdigalae</span> <span class='ocrx_word' id='word_1_170' title='bbox 612 2165 666 2194; x_wconf 84' lang='lat' dir='ltr'>est</span> <span class='ocrx_word' id='word_1_171' title='bbox 724 2159 953 2203; x_wconf 75' lang='lat' dir='ltr'>baptizatus,</span> <span class='ocrx_word' id='word_1_172' title='bbox 1011 2170 1032 2193; x_wconf 87' lang='lat' dir='ltr'>a</span> 
     </span>
    </p>
   </div>
   <div class='ocr_carea' id='block_1_9' title="bbox 325 2216 1052 2318">
    <p class='ocr_par' dir='ltr' id='par_1_10' title="bbox 325 2216 1052 2318">
     <span class='ocr_line' id='line_1_37' title="bbox 325 2216 1052 2260; baseline 0 -11"><span class='ocrx_word' id='word_1_173' title='bbox 325 2216 482 2260; x_wconf 86' lang='lat' dir='ltr'>Lampio</span> <span class='ocrx_word' id='word_1_174' title='bbox 540 2217 641 2260; x_wconf 89' lang='lat' dir='ltr'>apud</span> <span class='ocrx_word' id='word_1_175' title='bbox 699 2217 936 2251; x_wconf 80' lang='lat' dir='ltr'>Barcilonem</span> <span class='ocrx_word' id='word_1_176' title='bbox 996 2217 1052 2250; x_wconf 56' lang='lat' dir='ltr'>int</span> 
     </span>
     <span class='ocr_line' id='line_1_38' title="bbox 327 2273 1052 2318; baseline 0.001 -12"><span class='ocrx_word' id='word_1_177' title='bbox 327 2273 512 2317; x_wconf 84' lang='lat' dir='ltr'>Hispania</span> <span class='ocrx_word' id='word_1_178' title='bbox 552 2285 618 2318; x_wconf 86' lang='lat' dir='ltr'>per</span> <span class='ocrx_word' id='word_1_179' title='bbox 659 2275 733 2309; x_wconf 84' lang='lat' dir='ltr'>vim</span> <span class='ocrx_word' id='word_1_180' title='bbox 776 2274 1052 2309; x_wconf 55' lang='lat' dir='ltr'>inflammataet</span> 
     </span>
    </p>
   </div>
   <div class='ocr_carea' id='block_1_10' title="bbox 325 2331 1032 2605">
    <p class='ocr_par' dir='ltr' id='par_1_11' title="bbox 325 2331 1032 2605">
     <span class='ocr_line' id='line_1_39' title="bbox 326 2331 1032 2375; baseline 0.001 -11"><span class='ocrx_word' id='word_1_181' title='bbox 326 2332 449 2365; x_wconf 84' lang='lat' dir='ltr'>subito</span> <span class='ocrx_word' id='word_1_182' title='bbox 488 2331 607 2375; x_wconf 78' lang='lat' dir='ltr'>plebis</span> <span class='ocrx_word' id='word_1_183' title='bbox 644 2338 827 2368; x_wconf 77' lang='lat' dir='ltr'>sacratus.</span> <span class='ocrx_word' id='word_1_184' title='bbox 864 2333 910 2366; x_wconf 84' lang='lat' dir='ltr'>ab</span> <span class='ocrx_word' id='word_1_185' title='bbox 948 2331 1032 2365; x_wconf 82' lang='lat' dir='ltr'>Am-</span> 
     </span>
     <span class='ocr_line' id='line_1_40' title="bbox 325 2388 1030 2423; baseline 0.001 -1"><span class='ocrx_word' id='word_1_186' title='bbox 325 2388 451 2423; x_wconf 86' lang='lat' dir='ltr'>brosio</span> <span class='ocrx_word' id='word_1_187' title='bbox 497 2389 543 2423; x_wconf 87' lang='lat' dir='ltr'>ad</span> <span class='ocrx_word' id='word_1_188' title='bbox 590 2389 698 2423; x_wconf 79' lang='lat' dir='ltr'>tidem</span> <span class='ocrx_word' id='word_1_189' title='bbox 746 2390 952 2423; x_wconf 72' lang='lat' dir='ltr'>innutritus</span> <span class='ocrx_word' id='word_1_190' title='bbox 995 2392 1030 2423; x_wconf 84' lang='lat' dir='ltr'>et</span> 
     </span>
     <span class='ocr_line' id='line_1_41' title="bbox 328 2446 1031 2490; baseline 0.003 -11"><span class='ocrx_word' id='word_1_191' title='bbox 328 2446 446 2488; x_wconf 77' lang='lat' dir='ltr'>ipsius</span> <span class='ocrx_word' id='word_1_192' title='bbox 476 2447 674 2490; x_wconf 59' lang='lat' dir='ltr'>presbyter</span> <span class='ocrx_word' id='word_1_193' title='bbox 703 2447 826 2481; x_wconf 81' lang='lat' dir='ltr'>factus</span> <span class='ocrx_word' id='word_1_194' title='bbox 856 2447 868 2480; x_wconf 94' lang='lat' dir='ltr'>I</span> <span class='ocrx_word' id='word_1_195' title='bbox 897 2447 950 2485; x_wconf 71' lang='lat'>76.</span> <span class='ocrx_word' id='word_1_196' title='bbox 980 2447 1031 2481; x_wconf 93' lang='lat'>13.</span> 
     </span>
     <span class='ocr_line' id='line_1_42' title="bbox 325 2503 1032 2548; baseline 0.006 -13"><span class='ocrx_word' id='word_1_197' title='bbox 325 2503 499 2537; x_wconf 88' lang='lat' dir='ltr'>omnibus</span> <span class='ocrx_word' id='word_1_198' title='bbox 527 2504 646 2538; x_wconf 81' lang='lat' dir='ltr'>bonis.</span> <span class='ocrx_word' id='word_1_199' title='bbox 675 2515 770 2548; x_wconf 73' lang='lat' dir='ltr'>quae</span> <span class='ocrx_word' id='word_1_200' title='bbox 800 2505 1032 2548; x_wconf 81' lang='lat' dir='ltr'>possidebat,</span> 
     </span>
     <span class='ocr_line' id='line_1_43' title="bbox 325 2560 1032 2605; baseline 0.003 -12"><span class='ocrx_word' id='word_1_201' title='bbox 325 2560 511 2603; x_wconf 84' lang='lat' dir='ltr'>depositis</span> <span class='ocrx_word' id='word_1_202' title='bbox 548 2562 582 2596; x_wconf 90' lang='lat' dir='ltr'>in</span> <span class='ocrx_word' id='word_1_203' title='bbox 620 2561 835 2595; x_wconf 84' lang='lat' dir='ltr'>voluntaria</span> <span class='ocrx_word' id='word_1_204' title='bbox 873 2572 1032 2605; x_wconf 85' lang='lat' dir='ltr'>pauper-</span> 
     </span>
    </p>
   </div>
   <div class='ocr_carea' id='block_1_11' title="bbox 326 2619 1052 2659">
    <p class='ocr_par' dir='ltr' id='par_1_12' title="bbox 326 2619 1052 2659">
     <span class='ocr_line' id='line_1_44' title="bbox 326 2619 1052 2659; baseline 0.003 -8"><span class='ocrx_word' id='word_1_205' title='bbox 326 2622 403 2652; x_wconf 86' lang='lat' dir='ltr'>tate</span> <span class='ocrx_word' id='word_1_206' title='bbox 437 2623 473 2652; x_wconf 88' lang='lat' dir='ltr'>ut</span> <span class='ocrx_word' id='word_1_207' title='bbox 506 2619 714 2652; x_wconf 80' lang='lat' dir='ltr'>monachus</span> <span class='ocrx_word' id='word_1_208' title='bbox 744 2619 896 2653; x_wconf 75' lang='lat' dir='ltr'>vivebat</span> <span class='ocrx_word' id='word_1_209' title='bbox 932 2619 945 2652; x_wconf 90' lang='grc' dir='ltr'>Ι</span> <span class='ocrx_word' id='word_1_210' title='bbox 978 2619 1052 2659; x_wconf 78' lang='lat'>81,:</span> 
     </span>
    </p>
   </div>
   <div class='ocr_carea' id='block_1_12' title="bbox 327 2675 1032 2836">
    <p class='ocr_par' dir='ltr' id='par_1_13' title="bbox 327 2675 1032 2836">
     <span class='ocr_line' id='line_1_45' title="bbox 328 2675 1032 2719; baseline 0.003 -11"><span class='ocrx_word' id='word_1_211' title='bbox 328 2675 379 2709; x_wconf 75' lang='lat'>14.</span> <span class='ocrx_word' id='word_1_212' title='bbox 414 2675 618 2718; x_wconf 86' lang='lat' dir='ltr'>episeopus</span> <span class='ocrx_word' id='word_1_213' title='bbox 653 2676 870 2719; x_wconf 80' lang='lat' dir='ltr'>appellatur</span> <span class='ocrx_word' id='word_1_214' title='bbox 908 2677 943 2710; x_wconf 93' lang='lat' dir='ltr'>in</span> <span class='ocrx_word' id='word_1_215' title='bbox 980 2676 1032 2710; x_wconf 92' lang='lat' dir='ltr'>in-</span> 
     </span>
     <span class='ocr_line' id='line_1_46' title="bbox 327 2732 1032 2777; baseline 0.003 -11"><span class='ocrx_word' id='word_1_216' title='bbox 327 2732 598 2776; x_wconf 67' lang='lat' dir='ltr'>scriptionibus</span> <span class='ocrx_word' id='word_1_217' title='bbox 626 2743 712 2777; x_wconf 81' lang='lat' dir='ltr'>epp.</span> <span class='ocrx_word' id='word_1_218' title='bbox 744 2734 808 2767; x_wconf 72' lang='lat'>149</span> <span class='ocrx_word' id='word_1_219' title='bbox 836 2739 869 2768; x_wconf 88' lang='lat' dir='ltr'>et</span> <span class='ocrx_word' id='word_1_220' title='bbox 904 2734 967 2767; x_wconf 78' lang='grc'><strong>186</strong></span> <span class='ocrx_word' id='word_1_221' title='bbox 995 2736 1032 2768; x_wconf 86' lang='lat' dir='ltr'>et</span> 
     </span>
     <span class='ocr_line' id='line_1_47' title="bbox 328 2789 1031 2836; baseline 0.001 -12"><span class='ocrx_word' id='word_1_222' title='bbox 328 2789 363 2825; x_wconf 87' lang='lat' dir='ltr'>in</span> <span class='ocrx_word' id='word_1_223' title='bbox 396 2789 529 2833; x_wconf 82' lang='lat' dir='ltr'>indice,</span> <span class='ocrx_word' id='word_1_224' title='bbox 560 2791 623 2836; x_wconf 83' lang='lat' dir='ltr'>qui</span> <span class='ocrx_word' id='word_1_225' title='bbox 652 2801 710 2835; x_wconf 86' lang='lat' dir='ltr'>ep.</span> <span class='ocrx_word' id='word_1_226' title='bbox 741 2790 804 2824; x_wconf 85' lang='lat'>121</span> <span class='ocrx_word' id='word_1_227' title='bbox 835 2790 871 2825; x_wconf 91' lang='lat' dir='ltr'>in</span> <span class='ocrx_word' id='word_1_228' title='bbox 901 2791 1031 2825; x_wconf 82' lang='lat' dir='ltr'>codiee</span> 
     </span>
    </p>
   </div>
   <div class='ocr_carea' id='block_1_13' title="bbox 1051 1496 1054 2840">
    <p class='ocr_par' dir='ltr' id='par_1_14' title="bbox 1051 1496 1054 2840">
     <span class='ocr_line' id='line_1_48' title="bbox 1051 1496 1054 2840; baseline 0 0"><span class='ocrx_word' id='word_1_229' title='bbox 1051 1496 1054 2840; x_wconf 95' lang='lat' dir='ltr'> </span> 
     </span>
    </p>
   </div>
   <div class='ocr_carea' id='block_1_14' title="bbox 1744 132 1828 174">
    <p class='ocr_par' dir='ltr' id='par_1_15' title="bbox 1744 132 1828 174">
     <span class='ocr_line' id='line_1_49' title="bbox 1744 132 1828 174; baseline 0 -1"><span class='ocrx_word' id='word_1_230' title='bbox 1744 132 1828 174; x_wconf 80' lang='lat'>279</span> 
     </span>
    </p>
   </div>
   <div class='ocr_carea' id='block_1_15' title="bbox 1116 257 1830 2834">
    <p class='ocr_par' dir='ltr' id='par_1_16' title="bbox 1118 257 1829 705">
     <span class='ocr_line' id='line_1_50' title="bbox 1118 257 1826 303; baseline 0.003 -12"><span class='ocrx_word' id='word_1_231' title='bbox 1118 257 1406 293; x_wconf 77' lang='lat' dir='ltr'>vindobonensi</span> <span class='ocrx_word' id='word_1_232' title='bbox 1423 258 1489 293; x_wconf 88' lang='lat'>875</span> <span class='ocrx_word' id='word_1_233' title='bbox 1504 259 1715 303; x_wconf 73' lang='lat' dir='ltr'>praecedit,</span> <span class='ocrx_word' id='word_1_234' title='bbox 1744 270 1826 294; x_wconf 86' lang='lat' dir='ltr'>cum</span> 
     </span>
     <span class='ocr_line' id='line_1_51' title="bbox 1120 314 1829 360; baseline 0.003 -12"><span class='ocrx_word' id='word_1_235' title='bbox 1120 314 1348 350; x_wconf 83' lang='lat' dir='ltr'>scriberetur</span> <span class='ocrx_word' id='word_1_236' title='bbox 1377 326 1434 360; x_wconf 90' lang='lat' dir='ltr'>ep.</span> <span class='ocrx_word' id='word_1_237' title='bbox 1462 316 1519 359; x_wconf 82' lang='lat'>95,</span> <span class='ocrx_word' id='word_1_238' title='bbox 1548 316 1715 351; x_wconf 89' lang='lat' dir='ltr'>nondum</span> <span class='ocrx_word' id='word_1_239' title='bbox 1746 327 1829 352; x_wconf 92' lang='lat' dir='ltr'>eum</span> 
     </span>
     <span class='ocr_line' id='line_1_52' title="bbox 1121 372 1827 417; baseline 0.003 -11"><span class='ocrx_word' id='word_1_240' title='bbox 1121 372 1237 407; x_wconf 81' lang='lat' dir='ltr'>fuisse</span> <span class='ocrx_word' id='word_1_241' title='bbox 1292 372 1514 416; x_wconf 83' lang='lat' dir='ltr'>episcopum</span> <span class='ocrx_word' id='word_1_242' title='bbox 1569 384 1614 407; x_wconf 83' lang='lat' dir='ltr'>ex</span> <span class='ocrx_word' id='word_1_243' title='bbox 1671 374 1827 417; x_wconf 81' lang='lat' dir='ltr'>inscrip-</span> 
     </span>
     <span class='ocr_line' id='line_1_53' title="bbox 1119 429 1827 473; baseline 0.003 -10"><span class='ocrx_word' id='word_1_244' title='bbox 1119 429 1222 465; x_wconf 90' lang='lat' dir='ltr'>tione</span> <span class='ocrx_word' id='word_1_245' title='bbox 1249 434 1421 473; x_wconf 87' lang='lat' dir='ltr'>apparet.</span> <span class='ocrx_word' id='word_1_246' title='bbox 1446 430 1629 465; x_wconf 87' lang='lat' dir='ltr'>Paulinus</span> <span class='ocrx_word' id='word_1_247' title='bbox 1655 431 1827 466; x_wconf 83' lang='lat' dir='ltr'>sollemni</span> 
     </span>
     <span class='ocr_line' id='line_1_54' title="bbox 1121 489 1827 532; baseline 0.001 -11"><span class='ocrx_word' id='word_1_248' title='bbox 1121 497 1188 521; x_wconf 90' lang='lat' dir='ltr'>suo</span> <span class='ocrx_word' id='word_1_249' title='bbox 1228 498 1331 522; x_wconf 90' lang='lat' dir='ltr'>more</span> <span class='ocrx_word' id='word_1_250' title='bbox 1373 493 1459 531; x_wconf 88' lang='lat' dir='ltr'>post</span> <span class='ocrx_word' id='word_1_251' title='bbox 1501 489 1644 532; x_wconf 84' lang='lat' dir='ltr'>pascha</span> <span class='ocrx_word' id='word_1_252' title='bbox 1683 489 1827 523; x_wconf 90' lang='lat' dir='ltr'>domini</span> 
     </span>
     <span class='ocr_line' id='line_1_55' title="bbox 1119 545 1826 591; baseline 0.001 -12"><span class='ocrx_word' id='word_1_253' title='bbox 1119 545 1166 579; x_wconf 90' lang='lat' dir='ltr'>ad</span> <span class='ocrx_word' id='word_1_254' title='bbox 1219 545 1478 588; x_wconf 82' lang='lat' dir='ltr'>apostolorum</span> <span class='ocrx_word' id='word_1_255' title='bbox 1531 550 1565 581; x_wconf 91' lang='lat' dir='ltr'>et</span> <span class='ocrx_word' id='word_1_256' title='bbox 1618 550 1826 591; x_wconf 77' lang='lat' dir='ltr'>martyrum</span> 
     </span>
     <span class='ocr_line' id='line_1_56' title="bbox 1119 602 1828 639; baseline 0 -3"><span class='ocrx_word' id='word_1_257' title='bbox 1119 602 1407 637; x_wconf 85' lang='lat' dir='ltr'>venerationem</span> <span class='ocrx_word' id='word_1_258' title='bbox 1448 602 1607 638; x_wconf 85' lang='lat' dir='ltr'>Romam</span> <span class='ocrx_word' id='word_1_259' title='bbox 1649 604 1828 639; x_wconf 86' lang='lat' dir='ltr'>veniebat</span> 
     </span>
     <span class='ocr_line' id='line_1_57' title="bbox 1120 658 1612 705; baseline 0.002 -12"><span class='ocrx_word' id='word_1_260' title='bbox 1120 658 1155 693; x_wconf 94' lang='lat' dir='ltr'>II</span> <span class='ocrx_word' id='word_1_261' title='bbox 1183 659 1260 704; x_wconf 82' lang='lat'>497,</span> <span class='ocrx_word' id='word_1_262' title='bbox 1291 659 1346 703; x_wconf 67' lang='lat'>153</span> <span class='ocrx_word' id='word_1_263' title='bbox 1378 661 1423 700; x_wconf 77' lang='lat' dir='ltr'>cf.</span> <span class='ocrx_word' id='word_1_264' title='bbox 1452 660 1531 705; x_wconf 87' lang='lat'>511,</span> <span class='ocrx_word' id='word_1_265' title='bbox 1558 660 1612 695; x_wconf 86' lang='lat'>21.</span> 
     </span>
    </p>

    <p class='ocr_par' dir='ltr' id='par_1_17' title="bbox 1116 719 1830 2834">
     <span class='ocr_line' id='line_1_58' title="bbox 1167 719 1830 764; baseline 0.005 -11"><span class='ocrx_word' id='word_1_266' title='bbox 1167 719 1292 754; x_wconf 86' lang='lat' dir='ltr'>Prima</span> <span class='ocrx_word' id='word_1_267' title='bbox 1328 720 1490 764; x_wconf 84' lang='lat' dir='ltr'>epistula</span> <span class='ocrx_word' id='word_1_268' title='bbox 1529 731 1551 755; x_wconf 88' lang='lat' dir='ltr'>a</span> <span class='ocrx_word' id='word_1_269' title='bbox 1587 721 1745 756; x_wconf 86' lang='lat' dir='ltr'>Paulino</span> <span class='ocrx_word' id='word_1_270' title='bbox 1783 722 1830 756; x_wconf 89' lang='lat' dir='ltr'>ad</span> 
     </span>
     <span class='ocr_line' id='line_1_59' title="bbox 1121 777 1829 822; baseline 0.004 -12"><span class='ocrx_word' id='word_1_271' title='bbox 1121 777 1164 810; x_wconf 95' lang='lat' dir='ltr'>A.</span> <span class='ocrx_word' id='word_1_272' title='bbox 1192 777 1282 811; x_wconf 79' lang='lat' dir='ltr'>data</span> <span class='ocrx_word' id='word_1_273' title='bbox 1309 781 1391 812; x_wconf 86' lang='lat' dir='ltr'>erat</span> <span class='ocrx_word' id='word_1_274' title='bbox 1416 788 1472 822; x_wconf 90' lang='lat' dir='ltr'>ep.</span> <span class='ocrx_word' id='word_1_275' title='bbox 1499 778 1554 821; x_wconf 86' lang='lat'>25,</span> <span class='ocrx_word' id='word_1_276' title='bbox 1580 789 1692 822; x_wconf 82' lang='lat' dir='ltr'>quam</span> <span class='ocrx_word' id='word_1_277' title='bbox 1718 779 1829 814; x_wconf 88' lang='lat' dir='ltr'>modo</span> 
     </span>
     <span class='ocr_line' id='line_1_60' title="bbox 1118 833 1827 881; baseline 0 -13"><span class='ocrx_word' id='word_1_278' title='bbox 1118 833 1359 869; x_wconf 87' lang='lat' dir='ltr'>Christianus</span> <span class='ocrx_word' id='word_1_279' title='bbox 1392 835 1516 870; x_wconf 85' lang='lat' dir='ltr'>factus</span> <span class='ocrx_word' id='word_1_280' title='bbox 1548 836 1749 881; x_wconf 77' lang='lat' dir='ltr'>presbyter</span> <span class='ocrx_word' id='word_1_281' title='bbox 1782 846 1827 871; x_wconf 83' lang='lat' dir='ltr'>ex</span> 
     </span>
     <span class='ocr_line' id='line_1_61' title="bbox 1120 891 1827 937; baseline 0 -11"><span class='ocrx_word' id='word_1_282' title='bbox 1120 891 1330 935; x_wconf 61' lang='lat' dir='ltr'>Campania</span> <span class='ocrx_word' id='word_1_283' title='bbox 1365 893 1517 936; x_wconf 84' lang='lat' dir='ltr'>scripsit</span> <span class='ocrx_word' id='word_1_284' title='bbox 1551 893 1565 926; x_wconf 99' lang='grc' dir='ltr'>Ι</span> <span class='ocrx_word' id='word_1_285' title='bbox 1599 893 1652 937; x_wconf 81' lang='grc'>76,</span> <span class='ocrx_word' id='word_1_286' title='bbox 1688 894 1740 928; x_wconf 89' lang='lat'>17.</span> <span class='ocrx_word' id='word_1_287' title='bbox 1774 894 1827 927; x_wconf 87' lang='lat'>21.</span> 
     </span>
     <span class='ocr_line' id='line_1_62' title="bbox 1119 950 1826 995; baseline 0.003 -12"><span class='ocrx_word' id='word_1_288' title='bbox 1119 950 1174 992; x_wconf 89' lang='lat'>80,</span> <span class='ocrx_word' id='word_1_289' title='bbox 1205 950 1236 984; x_wconf 90' lang='lat'>3.</span> <span class='ocrx_word' id='word_1_290' title='bbox 1271 950 1322 984; x_wconf 89' lang='lat'>19.</span> <span class='ocrx_word' id='word_1_291' title='bbox 1353 950 1408 994; x_wconf 86' lang='lat'>88,</span> <span class='ocrx_word' id='word_1_292' title='bbox 1443 951 1472 984; x_wconf 93' lang='lat'>1.</span> <span class='ocrx_word' id='word_1_293' title='bbox 1506 961 1582 985; x_wconf 88' lang='lat' dir='ltr'>una</span> <span class='ocrx_word' id='word_1_294' title='bbox 1615 951 1657 985; x_wconf 90' lang='lat' dir='ltr'>A.</span> <span class='ocrx_word' id='word_1_295' title='bbox 1691 961 1826 995; x_wconf 85' lang='lat' dir='ltr'>panem</span> 
     </span>
     <span class='ocr_line' id='line_1_63' title="bbox 1121 1006 1826 1052; baseline 0.001 -11"><span class='ocrx_word' id='word_1_296' title='bbox 1121 1007 1223 1042; x_wconf 82' lang='lat' dir='ltr'>misit</span> <span class='ocrx_word' id='word_1_297' title='bbox 1247 1006 1261 1040; x_wconf 94' lang='grc' dir='ltr'>Ι</span> <span class='ocrx_word' id='word_1_298' title='bbox 1285 1007 1339 1051; x_wconf 87' lang='lat'>83,</span> <span class='ocrx_word' id='word_1_299' title='bbox 1363 1007 1416 1045; x_wconf 77' lang='lat'>11.</span> <span class='ocrx_word' id='word_1_300' title='bbox 1442 1008 1478 1042; x_wconf 89' lang='lat' dir='ltr'>id</span> <span class='ocrx_word' id='word_1_301' title='bbox 1503 1008 1603 1052; x_wconf 88' lang='lat' dir='ltr'>quod</span> <span class='ocrx_word' id='word_1_302' title='bbox 1629 1009 1670 1042; x_wconf 89' lang='lat' dir='ltr'>A.</span> <span class='ocrx_word' id='word_1_303' title='bbox 1694 1008 1826 1043; x_wconf 88' lang='lat' dir='ltr'>eodem</span> 
     </span>
     <span class='ocr_line' id='line_1_64' title="bbox 1120 1064 1826 1101; baseline 0 -2"><span class='ocrx_word' id='word_1_304' title='bbox 1120 1065 1231 1099; x_wconf 88' lang='lat' dir='ltr'>modo</span> <span class='ocrx_word' id='word_1_305' title='bbox 1263 1064 1403 1100; x_wconf 83' lang='lat' dir='ltr'>referre</span> <span class='ocrx_word' id='word_1_306' title='bbox 1434 1076 1509 1100; x_wconf 89' lang='lat' dir='ltr'>non</span> <span class='ocrx_word' id='word_1_307' title='bbox 1539 1070 1596 1101; x_wconf 88' lang='lat' dir='ltr'>est</span> <span class='ocrx_word' id='word_1_308' title='bbox 1624 1066 1764 1101; x_wconf 88' lang='lat' dir='ltr'>oblitus</span> <span class='ocrx_word' id='word_1_309' title='bbox 1794 1066 1826 1099; x_wconf 94' lang='lat' dir='ltr'>Il</span> 
     </span>
     <span class='ocr_line' id='line_1_65' title="bbox 1119 1122 1828 1168; baseline 0.001 -11"><span class='ocrx_word' id='word_1_310' title='bbox 1119 1123 1149 1158; x_wconf 86' lang='lat'>8.</span> <span class='ocrx_word' id='word_1_311' title='bbox 1190 1122 1241 1157; x_wconf 92' lang='lat'>10.</span> <span class='ocrx_word' id='word_1_312' title='bbox 1278 1122 1460 1158; x_wconf 89' lang='lat' dir='ltr'>Paulinus</span> <span class='ocrx_word' id='word_1_313' title='bbox 1497 1127 1586 1158; x_wconf 88' lang='lat' dir='ltr'>tune</span> <span class='ocrx_word' id='word_1_314' title='bbox 1623 1128 1704 1158; x_wconf 88' lang='lat' dir='ltr'>erat</span> <span class='ocrx_word' id='word_1_315' title='bbox 1739 1135 1828 1168; x_wconf 83' lang='lat' dir='ltr'>qua-</span> 
     </span>
     <span class='ocr_line' id='line_1_66' title="bbox 1118 1180 1828 1225; baseline 0 -11"><span class='ocrx_word' id='word_1_316' title='bbox 1118 1180 1300 1225; x_wconf 78' lang='lat' dir='ltr'>draginta</span> <span class='ocrx_word' id='word_1_317' title='bbox 1331 1180 1481 1216; x_wconf 84' lang='lat' dir='ltr'>circiter</span> <span class='ocrx_word' id='word_1_318' title='bbox 1513 1191 1633 1215; x_wconf 89' lang='lat' dir='ltr'>annos</span> <span class='ocrx_word' id='word_1_319' title='bbox 1667 1185 1780 1216; x_wconf 84' lang='lat' dir='ltr'>natus</span> <span class='ocrx_word' id='word_1_320' title='bbox 1815 1181 1828 1214; x_wconf 91' lang='grc' dir='ltr'>Ι</span> 
     </span>
     <span class='ocr_line' id='line_1_67' title="bbox 1119 1238 1827 1281; baseline 0.003 -10"><span class='ocrx_word' id='word_1_321' title='bbox 1119 1238 1173 1281; x_wconf 83' lang='lat'>80,</span> <span class='ocrx_word' id='word_1_322' title='bbox 1212 1238 1252 1272; x_wconf 89' lang='lat'>17</span> <span class='ocrx_word' id='word_1_323' title='bbox 1289 1238 1410 1273; x_wconf 89' lang='lat' dir='ltr'>maior</span> <span class='ocrx_word' id='word_1_324' title='bbox 1445 1238 1541 1273; x_wconf 83' lang='lat' dir='ltr'>forte</span> <span class='ocrx_word' id='word_1_325' title='bbox 1578 1238 1620 1273; x_wconf 88' lang='lat' dir='ltr'>A.</span> <span class='ocrx_word' id='word_1_326' title='bbox 1658 1238 1671 1272; x_wconf 95' lang='grc' dir='ltr'>Ι</span> <span class='ocrx_word' id='word_1_327' title='bbox 1708 1239 1761 1281; x_wconf 94' lang='lat'>81,</span> <span class='ocrx_word' id='word_1_328' title='bbox 1797 1240 1827 1273; x_wconf 80' lang='grc'>4.</span> 
     </span>
     <span class='ocr_line' id='line_1_68' title="bbox 1119 1296 1826 1342; baseline 0.001 -13"><span class='ocrx_word' id='word_1_329' title='bbox 1119 1306 1349 1342; x_wconf 80' lang='lat' dir='ltr'>quamquam</span> <span class='ocrx_word' id='word_1_330' title='bbox 1403 1296 1445 1330; x_wconf 87' lang='lat' dir='ltr'>A.</span> <span class='ocrx_word' id='word_1_331' title='bbox 1498 1296 1699 1331; x_wconf 86' lang='lat' dir='ltr'>Paulinum</span> <span class='ocrx_word' id='word_1_332' title='bbox 1755 1297 1826 1330; x_wconf 88' lang='lat' dir='ltr'>iam</span> 
     </span>
     <span class='ocr_line' id='line_1_69' title="bbox 1119 1353 1826 1398; baseline 0 -11"><span class='ocrx_word' id='word_1_333' title='bbox 1119 1357 1234 1387; x_wconf 90' lang='lat' dir='ltr'>antea</span> <span class='ocrx_word' id='word_1_334' title='bbox 1269 1363 1335 1397; x_wconf 91' lang='lat' dir='ltr'>per</span> <span class='ocrx_word' id='word_1_335' title='bbox 1374 1353 1554 1397; x_wconf 79' lang='lat' dir='ltr'>Alypium</span> <span class='ocrx_word' id='word_1_336' title='bbox 1593 1359 1826 1398; x_wconf 74' lang='lat' dir='ltr'>cognoverat</span> 
     </span>
     <span class='ocr_line' id='line_1_70' title="bbox 1120 1410 1826 1454; baseline 0.003 -10"><span class='ocrx_word' id='word_1_337' title='bbox 1120 1410 1135 1444; x_wconf 93' lang='grc' dir='ltr'>Ι</span> <span class='ocrx_word' id='word_1_338' title='bbox 1174 1411 1229 1453; x_wconf 86' lang='lat'>82,</span> <span class='ocrx_word' id='word_1_339' title='bbox 1271 1411 1323 1445; x_wconf 87' lang='lat'>17.</span> <span class='ocrx_word' id='word_1_340' title='bbox 1361 1416 1446 1454; x_wconf 87' lang='lat' dir='ltr'>post</span> <span class='ocrx_word' id='word_1_341' title='bbox 1487 1411 1582 1446; x_wconf 86' lang='lat' dir='ltr'>bane</span> <span class='ocrx_word' id='word_1_342' title='bbox 1623 1411 1826 1454; x_wconf 83' lang='lat' dir='ltr'>epistulam</span> 
     </span>
     <span class='ocr_line' id='line_1_71' title="bbox 1120 1467 1830 1513; baseline 0.001 -11"><span class='ocrx_word' id='word_1_343' title='bbox 1120 1467 1261 1502; x_wconf 86' lang='lat' dir='ltr'>eisdem</span> <span class='ocrx_word' id='word_1_344' title='bbox 1287 1467 1419 1503; x_wconf 88' lang='lat' dir='ltr'>diebus</span> <span class='ocrx_word' id='word_1_345' title='bbox 1446 1468 1589 1512; x_wconf 85' lang='lat' dir='ltr'>scripta</span> <span class='ocrx_word' id='word_1_346' title='bbox 1612 1472 1668 1503; x_wconf 89' lang='lat' dir='ltr'>est</span> <span class='ocrx_word' id='word_1_347' title='bbox 1694 1479 1750 1513; x_wconf 89' lang='lat' dir='ltr'>ep.</span> <span class='ocrx_word' id='word_1_348' title='bbox 1776 1469 1830 1504; x_wconf 76' lang='lat'>24.</span> 
     </span>
     <span class='ocr_line' id='line_1_72' title="bbox 1118 1525 1827 1570; baseline 0.003 -11"><span class='ocrx_word' id='word_1_349' title='bbox 1118 1536 1230 1570; x_wconf 80' lang='lat' dir='ltr'>quam</span> <span class='ocrx_word' id='word_1_350' title='bbox 1263 1525 1446 1560; x_wconf 85' lang='lat' dir='ltr'>Paulinus</span> <span class='ocrx_word' id='word_1_351' title='bbox 1476 1526 1523 1560; x_wconf 88' lang='lat' dir='ltr'>ad</span> <span class='ocrx_word' id='word_1_352' title='bbox 1555 1526 1734 1570; x_wconf 73' lang='lat' dir='ltr'>Alypium</span> <span class='ocrx_word' id='word_1_353' title='bbox 1765 1526 1827 1561; x_wconf 86' lang='lat' dir='ltr'>de-</span> 
     </span>
     <span class='ocr_line' id='line_1_73' title="bbox 1118 1583 1826 1628; baseline -0.003 -11"><span class='ocrx_word' id='word_1_354' title='bbox 1118 1583 1172 1617; x_wconf 88' lang='lat' dir='ltr'>dit</span> <span class='ocrx_word' id='word_1_355' title='bbox 1214 1583 1229 1617; x_wconf 92' lang='grc' dir='ltr'>Ι</span> <span class='ocrx_word' id='word_1_356' title='bbox 1268 1584 1323 1628; x_wconf 82' lang='grc'>74,</span> <span class='ocrx_word' id='word_1_357' title='bbox 1363 1583 1405 1618; x_wconf 91' lang='grc'>18</span> <span class='ocrx_word' id='word_1_358' title='bbox 1443 1583 1575 1618; x_wconf 88' lang='lat' dir='ltr'>addito</span> <span class='ocrx_word' id='word_1_359' title='bbox 1615 1594 1714 1627; x_wconf 87' lang='lat' dir='ltr'>pane</span> <span class='ocrx_word' id='word_1_360' title='bbox 1752 1595 1826 1618; x_wconf 82' lang='lat' dir='ltr'>uno</span> 
     </span>
     <span class='ocr_line' id='line_1_74' title="bbox 1119 1641 1827 1684; baseline 0 -9"><span class='ocrx_word' id='word_1_361' title='bbox 1119 1642 1171 1675; x_wconf 88' lang='lat'>77.</span> <span class='ocrx_word' id='word_1_362' title='bbox 1199 1641 1252 1675; x_wconf 76' lang='lat'>24.</span> <span class='ocrx_word' id='word_1_363' title='bbox 1280 1641 1322 1675; x_wconf 82' lang='lat' dir='ltr'>A.</span> <span class='ocrx_word' id='word_1_364' title='bbox 1349 1651 1573 1684; x_wconf 87' lang='lat' dir='ltr'>responsum</span> <span class='ocrx_word' id='word_1_365' title='bbox 1601 1646 1682 1676; x_wconf 84' lang='lat' dir='ltr'>erat</span> <span class='ocrx_word' id='word_1_366' title='bbox 1710 1642 1827 1684; x_wconf 80' lang='lat' dir='ltr'>ep.27</span> 
     </span>
     <span class='ocr_line' id='line_1_75' title="bbox 1121 1698 1826 1734; baseline 0.001 -3"><span class='ocrx_word' id='word_1_367' title='bbox 1121 1698 1269 1733; x_wconf 90' lang='lat' dir='ltr'>l&#39;aulini</span> <span class='ocrx_word' id='word_1_368' title='bbox 1322 1699 1499 1734; x_wconf 81' lang='lat' dir='ltr'>laudibus</span> <span class='ocrx_word' id='word_1_369' title='bbox 1554 1699 1704 1734; x_wconf 81' lang='lat' dir='ltr'>referta.</span> <span class='ocrx_word' id='word_1_370' title='bbox 1760 1699 1826 1733; x_wconf 88' lang='lat' dir='ltr'>sed</span> 
     </span>
     <span class='ocr_line' id='line_1_76' title="bbox 1119 1755 1826 1800; baseline 0.001 -11"><span class='ocrx_word' id='word_1_371' title='bbox 1119 1755 1301 1791; x_wconf 85' lang='lat' dir='ltr'>Paulinus</span> <span class='ocrx_word' id='word_1_372' title='bbox 1345 1757 1414 1790; x_wconf 83' lang='lat' dir='ltr'>hoe</span> <span class='ocrx_word' id='word_1_373' title='bbox 1458 1756 1626 1791; x_wconf 89' lang='lat' dir='ltr'>nondum</span> <span class='ocrx_word' id='word_1_374' title='bbox 1670 1766 1826 1800; x_wconf 84' lang='lat' dir='ltr'>accepe-</span> 
     </span>
     <span class='ocr_line' id='line_1_77' title="bbox 1119 1813 1829 1857; baseline 0.001 -11"><span class='ocrx_word' id='word_1_375' title='bbox 1119 1816 1187 1848; x_wconf 84' lang='lat' dir='ltr'>rat.</span> <span class='ocrx_word' id='word_1_376' title='bbox 1254 1824 1337 1848; x_wconf 85' lang='lat' dir='ltr'>eum</span> <span class='ocrx_word' id='word_1_377' title='bbox 1404 1813 1561 1848; x_wconf 88' lang='lat' dir='ltr'>alteram</span> <span class='ocrx_word' id='word_1_378' title='bbox 1629 1813 1829 1857; x_wconf 82' lang='lat' dir='ltr'>epistulam</span> 
     </span>
     <span class='ocr_line' id='line_1_78' title="bbox 1122 1871 1825 1915; baseline 0 -11"><span class='ocrx_word' id='word_1_379' title='bbox 1122 1872 1193 1915; x_wconf 77' lang='lat' dir='ltr'>(ep.</span> <span class='ocrx_word' id='word_1_380' title='bbox 1227 1871 1286 1905; x_wconf 51' lang='lat'>305</span> <span class='ocrx_word' id='word_1_381' title='bbox 1322 1871 1370 1906; x_wconf 85' lang='lat' dir='ltr'>ad</span> <span class='ocrx_word' id='word_1_382' title='bbox 1406 1871 1446 1906; x_wconf 83' lang='lat' dir='ltr'>A.</span> <span class='ocrx_word' id='word_1_383' title='bbox 1477 1871 1578 1906; x_wconf 83' lang='lat' dir='ltr'>misit</span> <span class='ocrx_word' id='word_1_384' title='bbox 1614 1871 1629 1905; x_wconf 94' lang='grc' dir='ltr'>Ι</span> <span class='ocrx_word' id='word_1_385' title='bbox 1664 1872 1739 1914; x_wconf 88' lang='lat'>123,</span> <span class='ocrx_word' id='word_1_386' title='bbox 1774 1871 1825 1905; x_wconf 92' lang='lat'>12.</span> 
     </span>
     <span class='ocr_line' id='line_1_79' title="bbox 1119 1924 1825 1972; baseline 0.001 -11"><span class='ocrx_word' id='word_1_387' title='bbox 1119 1928 1209 1964; x_wconf 83' lang='lat'>111.</span> <span class='ocrx_word' id='word_1_388' title='bbox 1237 1924 1267 1963; x_wconf 83' lang='grc'>6.</span> <span class='ocrx_word' id='word_1_389' title='bbox 1319 1930 1365 1963; x_wconf 90' lang='lat' dir='ltr'>ad</span> <span class='ocrx_word' id='word_1_390' title='bbox 1407 1929 1502 1963; x_wconf 80' lang='lat' dir='ltr'>lianc</span> <span class='ocrx_word' id='word_1_391' title='bbox 1546 1929 1586 1963; x_wconf 80' lang='lat' dir='ltr'>A.</span> <span class='ocrx_word' id='word_1_392' title='bbox 1627 1929 1825 1972; x_wconf 87' lang='lat' dir='ltr'>respondit</span> 
     </span>
     <span class='ocr_line' id='line_1_80' title="bbox 1118 1986 1825 2029; baseline -0.001 -9"><span class='ocrx_word' id='word_1_393' title='bbox 1118 1996 1175 2029; x_wconf 89' lang='lat' dir='ltr'>ep.</span> <span class='ocrx_word' id='word_1_394' title='bbox 1208 1986 1249 2020; x_wconf 92' lang='lat'>31</span> <span class='ocrx_word' id='word_1_395' title='bbox 1297 1991 1331 2020; x_wconf 90' lang='lat' dir='ltr'>et</span> <span class='ocrx_word' id='word_1_396' title='bbox 1379 1986 1578 2020; x_wconf 89' lang='lat' dir='ltr'>Paulinum</span> <span class='ocrx_word' id='word_1_397' title='bbox 1625 1986 1825 2021; x_wconf 86' lang='lat' dir='ltr'>certiorem</span> 
     </span>
     <span class='ocr_line' id='line_1_81' title="bbox 1118 2043 1824 2087; baseline 0 -10"><span class='ocrx_word' id='word_1_398' title='bbox 1118 2043 1205 2078; x_wconf 83' lang='lat' dir='ltr'>feeit</span> <span class='ocrx_word' id='word_1_399' title='bbox 1274 2044 1568 2087; x_wconf 82' lang='lat' dir='ltr'>coepiscopatus</span> <span class='ocrx_word' id='word_1_400' title='bbox 1636 2044 1824 2078; x_wconf 84' lang='lat' dir='ltr'>sarcinam</span> 
     </span>
     <span class='ocr_line' id='line_1_82' title="bbox 1118 2100 1826 2145; baseline 0.004 -12"><span class='ocrx_word' id='word_1_401' title='bbox 1118 2101 1187 2135; x_wconf 87' lang='lat' dir='ltr'>sibi</span> <span class='ocrx_word' id='word_1_402' title='bbox 1228 2101 1454 2145; x_wconf 86' lang='lat' dir='ltr'>imposuisse</span> <span class='ocrx_word' id='word_1_403' title='bbox 1492 2101 1686 2136; x_wconf 76' lang='lat' dir='ltr'>Valerium</span> <span class='ocrx_word' id='word_1_404' title='bbox 1726 2100 1758 2134; x_wconf 92' lang='grc' dir='ltr'>ΙΙ</span> <span class='ocrx_word' id='word_1_405' title='bbox 1795 2102 1826 2136; x_wconf 85' lang='grc'>4.</span> 
     </span>
     <span class='ocr_line' id='line_1_83' title="bbox 1120 2158 1826 2202; baseline 0 -11"><span class='ocrx_word' id='word_1_406' title='bbox 1120 2159 1170 2193; x_wconf 89' lang='grc'>11.</span> <span class='ocrx_word' id='word_1_407' title='bbox 1209 2168 1266 2202; x_wconf 86' lang='lat' dir='ltr'>ep.</span> <span class='ocrx_word' id='word_1_408' title='bbox 1303 2159 1347 2193; x_wconf 86' lang='lat'>32</span> <span class='ocrx_word' id='word_1_409' title='bbox 1386 2159 1569 2193; x_wconf 74' lang='lat' dir='ltr'>Paulinus</span> <span class='ocrx_word' id='word_1_410' title='bbox 1604 2159 1652 2193; x_wconf 90' lang='lat' dir='ltr'>ad</span> <span class='ocrx_word' id='word_1_411' title='bbox 1689 2158 1826 2192; x_wconf 84' lang='lat' dir='ltr'>Roma-</span> 
     </span>
     <span class='ocr_line' id='line_1_84' title="bbox 1118 2216 1826 2261; baseline -0.001 -11"><span class='ocrx_word' id='word_1_412' title='bbox 1118 2216 1271 2251; x_wconf 91' lang='lat' dir='ltr'>nianum</span> <span class='ocrx_word' id='word_1_413' title='bbox 1303 2216 1406 2251; x_wconf 89' lang='lat' dir='ltr'>dedit</span> <span class='ocrx_word' id='word_1_414' title='bbox 1440 2217 1477 2251; x_wconf 91' lang='lat' dir='ltr'>in</span> <span class='ocrx_word' id='word_1_415' title='bbox 1508 2217 1717 2261; x_wconf 84' lang='lat' dir='ltr'>eademque</span> <span class='ocrx_word' id='word_1_416' title='bbox 1749 2216 1826 2259; x_wconf 88' lang='lat' dir='ltr'>epi-</span> 
     </span>
     <span class='ocr_line' id='line_1_85' title="bbox 1117 2273 1826 2318; baseline -0.001 -12"><span class='ocrx_word' id='word_1_417' title='bbox 1117 2273 1217 2308; x_wconf 82' lang='lat' dir='ltr'>stula</span> <span class='ocrx_word' id='word_1_418' title='bbox 1260 2273 1472 2309; x_wconf 87' lang='lat' dir='ltr'>Licentium</span> <span class='ocrx_word' id='word_1_419' title='bbox 1518 2285 1680 2318; x_wconf 77' lang='lat' dir='ltr'>quoque,</span> <span class='ocrx_word' id='word_1_420' title='bbox 1727 2273 1826 2307; x_wconf 83' lang='lat' dir='ltr'>illius</span> 
     </span>
     <span class='ocr_line' id='line_1_86' title="bbox 1118 2331 1826 2376; baseline 0 -12"><span class='ocrx_word' id='word_1_421' title='bbox 1118 2331 1246 2366; x_wconf 81' lang='lat' dir='ltr'>filium.</span> <span class='ocrx_word' id='word_1_422' title='bbox 1272 2331 1492 2376; x_wconf 83' lang='lat' dir='ltr'>adloquitur</span> <span class='ocrx_word' id='word_1_423' title='bbox 1518 2331 1551 2364; x_wconf 93' lang='lat' dir='ltr'>II</span> <span class='ocrx_word' id='word_1_424' title='bbox 1581 2331 1631 2370; x_wconf 79' lang='lat'>11.</span> <span class='ocrx_word' id='word_1_425' title='bbox 1659 2331 1699 2365; x_wconf 69' lang='lat'>14</span> <span class='ocrx_word' id='word_1_426' title='bbox 1725 2342 1826 2365; x_wconf 89' lang='lat' dir='ltr'>eum-</span> 
     </span>
     <span class='ocr_line' id='line_1_87' title="bbox 1118 2389 1825 2433; baseline 0 -11"><span class='ocrx_word' id='word_1_427' title='bbox 1118 2399 1200 2433; x_wconf 80' lang='lat' dir='ltr'>que,</span> <span class='ocrx_word' id='word_1_428' title='bbox 1252 2393 1289 2423; x_wconf 90' lang='lat' dir='ltr'>ut</span> <span class='ocrx_word' id='word_1_429' title='bbox 1330 2389 1402 2423; x_wconf 88' lang='lat' dir='ltr'>deo</span> <span class='ocrx_word' id='word_1_430' title='bbox 1442 2389 1602 2426; x_wconf 87' lang='lat' dir='ltr'>viveret.</span> <span class='ocrx_word' id='word_1_431' title='bbox 1652 2389 1825 2422; x_wconf 83' lang='lat' dir='ltr'>bortatur</span> 
     </span>
     <span class='ocr_line' id='line_1_88' title="bbox 1118 2445 1825 2485; baseline 0 -6"><span class='ocrx_word' id='word_1_432' title='bbox 1118 2447 1284 2481; x_wconf 79' lang='lat' dir='ltr'>carmine</span> <span class='ocrx_word' id='word_1_433' title='bbox 1328 2446 1361 2480; x_wconf 87' lang='grc' dir='ltr'>ΙΙ</span> <span class='ocrx_word' id='word_1_434' title='bbox 1406 2447 1458 2485; x_wconf 79' lang='lat'>13.</span> <span class='ocrx_word' id='word_1_435' title='bbox 1501 2447 1553 2480; x_wconf 85' lang='lat'>15.</span> <span class='ocrx_word' id='word_1_436' title='bbox 1607 2457 1680 2480; x_wconf 85' lang='lat' dir='ltr'>una</span> <span class='ocrx_word' id='word_1_437' title='bbox 1723 2445 1825 2480; x_wconf 88' lang='lat' dir='ltr'>misit</span> 
     </span>
     <span class='ocr_line' id='line_1_89' title="bbox 1117 2502 1825 2548; baseline -0.001 -11"><span class='ocrx_word' id='word_1_438' title='bbox 1117 2514 1236 2546; x_wconf 87' lang='lat' dir='ltr'>panes</span> <span class='ocrx_word' id='word_1_439' title='bbox 1270 2503 1436 2548; x_wconf 79' lang='lat' dir='ltr'>quinque</span> <span class='ocrx_word' id='word_1_440' title='bbox 1472 2503 1505 2537; x_wconf 91' lang='grc' dir='ltr'>ΙΙ</span> <span class='ocrx_word' id='word_1_441' title='bbox 1541 2503 1593 2538; x_wconf 93' lang='grc'>11.</span> <span class='ocrx_word' id='word_1_442' title='bbox 1626 2504 1657 2537; x_wconf 87' lang='lat'>3.</span> <span class='ocrx_word' id='word_1_443' title='bbox 1691 2513 1749 2546; x_wconf 89' lang='lat' dir='ltr'>ep.</span> <span class='ocrx_word' id='word_1_444' title='bbox 1781 2502 1825 2536; x_wconf 88' lang='lat'>42</span> 
     </span>
     <span class='ocr_line' id='line_1_90' title="bbox 1118 2560 1827 2605; baseline 0 -12"><span class='ocrx_word' id='word_1_445' title='bbox 1118 2560 1161 2594; x_wconf 88' lang='lat' dir='ltr'>A.</span> <span class='ocrx_word' id='word_1_446' title='bbox 1199 2561 1454 2605; x_wconf 83' lang='lat' dir='ltr'>conqueritur.</span> <span class='ocrx_word' id='word_1_447' title='bbox 1492 2560 1591 2604; x_wconf 84' lang='lat' dir='ltr'>quod</span> <span class='ocrx_word' id='word_1_448' title='bbox 1631 2571 1695 2604; x_wconf 88' lang='lat' dir='ltr'>per</span> <span class='ocrx_word' id='word_1_449' title='bbox 1732 2560 1827 2594; x_wconf 87' lang='lat' dir='ltr'>duas</span> 
     </span>
     <span class='ocr_line' id='line_1_91' title="bbox 1117 2618 1825 2653; baseline -0.001 -1"><span class='ocrx_word' id='word_1_450' title='bbox 1117 2622 1284 2653; x_wconf 85' lang='lat' dir='ltr'>aestates</span> <span class='ocrx_word' id='word_1_451' title='bbox 1313 2618 1452 2652; x_wconf 90' lang='lat' dir='ltr'>nullam</span> <span class='ocrx_word' id='word_1_452' title='bbox 1482 2629 1505 2653; x_wconf 87' lang='lat' dir='ltr'>a</span> <span class='ocrx_word' id='word_1_453' title='bbox 1532 2618 1691 2652; x_wconf 90' lang='lat' dir='ltr'>Paulino</span> <span class='ocrx_word' id='word_1_454' title='bbox 1720 2626 1825 2651; x_wconf 84' lang='lat' dir='ltr'>acee-</span> 
     </span>
     <span class='ocr_line' id='line_1_92' title="bbox 1118 2674 1823 2719; baseline 0 -10"><span class='ocrx_word' id='word_1_455' title='bbox 1118 2675 1235 2719; x_wconf 90' lang='lat' dir='ltr'>pisset</span> <span class='ocrx_word' id='word_1_456' title='bbox 1278 2684 1336 2719; x_wconf 89' lang='lat' dir='ltr'>ep.</span> <span class='ocrx_word' id='word_1_457' title='bbox 1375 2674 1408 2708; x_wconf 88' lang='lat'>11</span> <span class='ocrx_word' id='word_1_458' title='bbox 1449 2675 1504 2718; x_wconf 73' lang='lat'>84,</span> <span class='ocrx_word' id='word_1_459' title='bbox 1543 2675 1564 2709; x_wconf 89' lang='grc'>8</span> <span class='ocrx_word' id='word_1_460' title='bbox 1614 2674 1823 2719; x_wconf 84' lang='lat' dir='ltr'>eademque</span> 
     </span>
     <span class='ocr_line' id='line_1_93' title="bbox 1116 2732 1824 2777; baseline -0.001 -11"><span class='ocrx_word' id='word_1_461' title='bbox 1116 2732 1272 2777; x_wconf 83' lang='lat' dir='ltr'>querela</span> <span class='ocrx_word' id='word_1_462' title='bbox 1310 2733 1471 2776; x_wconf 84' lang='lat' dir='ltr'>repetita</span> <span class='ocrx_word' id='word_1_463' title='bbox 1512 2736 1571 2767; x_wconf 87' lang='lat' dir='ltr'>est</span> <span class='ocrx_word' id='word_1_464' title='bbox 1610 2732 1646 2766; x_wconf 91' lang='lat' dir='ltr'>in</span> <span class='ocrx_word' id='word_1_465' title='bbox 1684 2741 1743 2775; x_wconf 78' lang='lat' dir='ltr'>ep,</span> <span class='ocrx_word' id='word_1_466' title='bbox 1780 2732 1824 2765; x_wconf 87' lang='lat'>45</span> 
     </span>
     <span class='ocr_line' id='line_1_94' title="bbox 1117 2789 1824 2834; baseline -0.001 -10"><span class='ocrx_word' id='word_1_467' title='bbox 1117 2789 1230 2834; x_wconf 90' lang='lat' dir='ltr'>paulo</span> <span class='ocrx_word' id='word_1_468' title='bbox 1266 2794 1351 2834; x_wconf 89' lang='lat' dir='ltr'>post</span> <span class='ocrx_word' id='word_1_469' title='bbox 1389 2790 1543 2833; x_wconf 87' lang='lat' dir='ltr'>scripta,</span> <span class='ocrx_word' id='word_1_470' title='bbox 1581 2789 1642 2824; x_wconf 91' lang='lat' dir='ltr'>ubi</span> <span class='ocrx_word' id='word_1_471' title='bbox 1681 2789 1722 2823; x_wconf 88' lang='lat' dir='ltr'>A.</span> <span class='ocrx_word' id='word_1_472' title='bbox 1758 2799 1824 2833; x_wconf 89' lang='lat' dir='ltr'>per</span> 
     </span>
    </p>
   </div>
  </div>
 </body>
</html>
