2078 3054
276 156 359 199 268
945 168 1089 205 Index
1116 168 1161 204 V.

1123 283 1266 319 formas
1298 283 1485 320 iustorum
1518 283 1553 319 Il
1585 284 1665 329 647,
1699 284 1752 320 18.
1797 283 1836 319 in

1122 352 1214 377 arca
1258 341 1339 377 Noe
1385 342 1485 378 inter
1529 346 1618 378 octo
1662 342 1836 378 homines

1123 400 1309 444 reprobus
1345 410 1443 435 unus
1484 399 1666 436 inventus
1704 405 1763 436 est
1801 400 1836 435 II

1121 458 1202 502 343,
1230 458 1283 493 15.
1311 457 1497 493 ecclesiae
1524 458 1710 502 templum
1737 458 1836 494 sicut

1123 525 1214 551 arca
1249 515 1330 552 Noe
1367 515 1405 550 in
1444 515 1516 551 hoc
1554 515 1708 552 saeculo
1746 516 1837 552 ssuc-

1123 577 1208 609 tuat
1236 573 1287 608 IV
1317 574 1394 618 115,
1422 573 1478 608 20.

1077 631 1338 667 Nolensis
1392 641 1427 667 v.
1480 630 1589 667 Felix
1644 631 1835 668 Nolensis.

1122 690 1226 734 apud
1257 688 1447 725 Nolenses
1480 692 1593 725 tanta
1624 699 1695 734 pro
1729 689 1837 726 Pela-

1121 747 1237 793 giano
1270 758 1398 783 errore
1431 747 1692 784 obstinatione
1725 758 1837 794 quos-

1122 805 1210 841 dam
1246 805 1318 840 niti
1352 805 1535 841 audiebat
1568 805 1624 851 A,
1659 810 1702 841 ut
1736 806 1837 842 dice·
2075 824 2078 862 l

1122 867 1207 899 rent
1237 863 1389 899 facilius
1420 874 1515 908 esse,
1547 868 1591 899 ut
1619 864 1736 900 etiam
1770 864 1838 900 Pe·
2075 863 2078 869 '

1121 921 1265 967 lagium
1298 917 1681 968 desererent,⁷quam
1714 926 1758 958 ut
1789 923 1837 957 ab

322 285 425 331 quod
449 284 674 321 Calamcnse
702 284 879 329 precibus
903 293 1038 319 onera-

322 344 388 378 bat
415 342 448 377 ΙΙ
473 343 529 387 66,
556 342 611 378 20.

276 401 589 445 neophytus
617 410 652 436 v.
681 400 775 436 dles.

275 458 307 493 N
322 470 343 494 e
358 469 382 503 p
397 469 419 494 o
434 463 449 493 t
464 458 475 493 i
490 469 514 493 a
527 469 551 493 n
566 470 589 494 u
605 469 622 494 s
661 459 875 503 presbyter,
928 457 1036 493 cuius

321 517 361 552 in
383 516 490 552 obitu
514 516 754 561 epitaphium
778 516 1036 562 Hieronymus

322 574 478 619 scripsit
506 573 542 609 II
569 574 647 619 285,
674 575 707 610 4.

276 632 562 676 Neptunus
588 631 640 667 IV
666 632 745 677 583,
771 632 803 667 6.

273 689 306 725 N
321 701 341 726 e
356 701 373 725 r
388 700 410 725 o
426 701 450 725 n
465 690 476 725 i
491 701 514 726 s·
540 690 670 736 gladio
701 690 812 726 Pauli
842 689 1037 726 sententia

322 748 550 784 confirmata
574 753 634 784 est
657 748 693 783 ΙΙ
717 748 797 795 300,
822 748 853 784 8.

275 805 574 851 NeuriI91,
607 806 660 842 11.

273 864 306 899 Ν
322 864 332 900 i
348 875 367 900 c
382 875 405 900 a
419 875 439 900 e
454 875 478 899 n
493 874 515 899 o
577 864 740 900 concilio
800 864 1035 908 prohibitum

320 927 404 959 erat
442 922 534 958 vivo
572 923 756 967 episcopo
794 922 951 958 Valerio
990 922 1035 957 A.

320 981 545 1026 episcopum
600 980 784 1025 ordinari,
838 980 877 1017 id
933 980 1035 1026 quod

320 1043 480 1084 uterque
525 1038 722 1074 nesciebat
766 1038 819 1073 IV
857 1038 936 1083 376,
982 1038 1035 1073 17.

1123 979 1204 1015 eius
1256 979 1448 1015 sententia
1496 979 1741 1017 discederent
1789 980 1840 1015 IV

1121 1037 1178 1081 68,
1206 1037 1259 1073 13.

320 1097 574 1141 imperatores
610 1096 804 1132 Honorius
840 1100 879 1132 et
913 1096 1036 1132 Theo·
1076 1095 1287 1130 notarii
1337 1100 1379 1131 ut
1428 1095 1549 1131 verba
1599 1096 1836 1140 exciperent,

319 1155 452 1191 dosius
503 1154 613 1190 iuxta
661 1154 852 1200 synodum
901 1154 1036 1190 Nicae-

320 1224 407 1248 nam
438 1213 678 1255 conditorem
709 1223 835 1249 rerum
865 1213 1035 1248 omnium

318 1272 431 1307 deum
479 1270 704 1316 imperiique
753 1270 812 1305 sui
860 1270 1038 1306 venerari

320 1340 360 1365 se
387 1328 569 1364 dixerunt
596 1332 794 1364 auctorem
820 1328 873 1363 IV
899 1328 978 1373 298,
1002 1329 1034 1363 5.

272 1387 447 1422 Nilum
478 1387 574 1422 dant
602 1386 744 1423 imbres
774 1386 791 1421 I
819 1387 875 1431 93,
904 1387 937 1422 3.

272 1444 659 1481 Ninevitarum
686 1455 754 1481 rex
781 1444 944 1480 servivit
969 1445 1038 1480 do:

318 1503 422 1538 mino
469 1503 691 1538 universam
740 1503 938 1538 civitatem
985 1502 1034 1538 ad

319 1561 551 1606 placandum
579 1572 663 1596 eum
688 1561 955 1605 compellendo
982 1561 1035 1595 IV

322 1619 374 1664 18,
412 1619 443 1654 2.
482 1619 581 1655 sicut
619 1619 743 1663 primo
782 1619 926 1655 iussum
964 1622 1034 1662 est,

318 1682 361 1713 ut
416 1677 707 1721 praedicaretur
762 1676 956 1713 Ninevitis
1012 1687 1035 1711 a

319 1734 425 1779 Iona,
459 1735 528 1771 sed
561 1745 639 1771 non
672 1736 721 1771 ad
755 1745 821 1771 eos
855 1735 1034 1780 pervenit

319 1793 526 1837 prophetia
571 1792 700 1838 Ionae,
761 1793 834 1829 nisi
883 1796 1035 1838 postea-

319 1862 433 1897 quam
477 1862 562 1887 eum
605 1855 712 1887 cetus
755 1852 938 1897 evomuit,
980 1851 1035 1886 ita

319 1909 525 1953 prophetia
588 1909 802 1953 praemissa
864 1913 923 1945 est
985 1909 1034 1944 ad

319 1971 466 2013 gentes,
503 1967 571 2003 sed
609 1967 684 2003 nisi
720 1971 809 2011 post
846 1978 1035 2003 resurrec-

318 2025 463 2060 tionem
493 2024 637 2061 Christi
667 2036 744 2060 non
776 2025 954 2070 pervenit
985 2025 1034 2060 ad

320 2087 456 2128 gentes
496 2082 532 2118 II
570 2083 648 2128 574,
689 2084 724 2125 3·.
775 2084 822 2125 cf.
860 2084 939 2128 577,
979 2083 1034 2118 11.

1122 1153 1359 1197 postulatum
1393 1157 1466 1198 est3
1499 1153 1564 1200 qui
1595 1163 1681 1190 cum
1713 1154 1752 1190 id
1782 1154 1837 1189 fa-

1122 1222 1207 1247 cere
1236 1211 1393 1256 nollent,
1421 1211 1562 1247 fratres
1589 1212 1836 1257 excipiebant

1122 1268 1157 1303 II
1194 1269 1271 1314 110,
1305 1269 1361 1305 21.
1393 1280 1417 1305 a
1451 1269 1613 1305 notariis
1648 1269 1835 1306 ecclesiae

1121 1327 1425 1373 excipiebantur,
1462 1338 1560 1373 quae
1597 1328 1836 1372 dicebantur,

1123 1396 1192 1421 nec
1245 1386 1550 1422 adclamationes
1603 1386 1643 1422 in
1693 1390 1835 1422 terram

1122 1444 1313 1479 cadebant
1337 1444 1389 1479 IV
1413 1444 1492 1489 375,
1518 1444 1576 1488 1ος
1602 1444 1649 1486 ct.
1675 1444 1730 1479 III
1757 1444 1836 1489 236,

1122 1501 1177 1537 22.
1204 1502 1284 1547 242,
1311 1503 1366 1538 28.
1393 1503 1579 1547 grandem
1605 1502 1734 1538 Latini
1760 1513 1837 1538 ser-

1122 1560 1247 1595 monis
1287 1560 1327 1595 in
1369 1560 1572 1605 provincia
1613 1560 1837 1597 Palaestina

1122 1618 1361 1654 notariorum
1412 1629 1452 1654 se
1503 1620 1586 1663 pati
1634 1619 1836 1663 penuriam

1121 1676 1295 1721 queritur
1323 1676 1582 1721 Hieronymus
1612 1676 1666 1711 III
1695 1677 1775 1722 639,
1803 1677 1835 1712 6.

1121 1743 1217 1778 puer
1257 1734 1431 1770 notarius
1475 1734 1706 1769 scholastico
1749 1745 1836 1779 pro-

1120 1791 1290 1827 consulis
1328 1792 1547 1837 excipiebat
1584 1792 1744 1837 (Evod.)
1780 1792 1835 1826 III

1120 1850 1199 1894 488,
1237 1850 1289 1885 18.
1324 1850 1404 1895 489,
1441 1850 1473 1891 1;
1510 1850 1556 1891 cf.
1592 1850 1671 1895 495,
1708 1850 1761 1886 11.
1799 1859 1834 1885 v.

1121 1912 1316 1952 exceptor.
1358 1907 1604 1944 Marcellinus
1646 1909 1835 1944 tribunus.

1075 1977 1097 2000 n
1113 1976 1134 2001 o
1149 1969 1165 2001 t
1179 1976 1201 2001 o
1216 1977 1233 2001 r
1248 1966 1260 2001 i
1274 1977 1297 2001 a
1337 1966 1399 2002 vel
1440 1966 1593 2002 litterae
1634 1967 1836 2010 episcopo-

1120 2035 1202 2059 rum
1233 2023 1524 2060 Donatistarum
1554 2023 1609 2058 ΙΙΙ
1635 2025 1693 2070 34,
1719 2024 1750 2060 9.
1778 2024 1835 2068 38,

1121 2083 1177 2117 27.
1207 2082 1262 2126 81,
1294 2082 1347 2117 11.
1377 2082 1432 2126 85,
1464 2082 1496 2117 5.

319 2141 436 2176 lonae
481 2145 565 2176 erat
610 2141 772 2176 tristitia
817 2142 864 2177 de
911 2141 1034 2176 salute
1074 2141 1440 2179 Novatianum
1477 2143 1669 2189 quendam
1707 2143 1835 2178 dicere

320 2198 602 2244 Ninevitarum,
650 2199 722 2234 hoc
772 2203 830 2234 est
879 2199 926 2235 de
978 2210 1035 2234 re-

322 2256 545 2301 demptione
589 2261 627 2292 et
669 2256 898 2292 liberatione
942 2268 1033 2303 gen-

321 2314 415 2349 tium
441 2314 478 2349 II
503 2314 581 2359 574,
608 2314 662 2350 11.

274 2372 531 2408 Nobilius
565 2372 772 2417 episcopus
809 2372 852 2408 A.
888 2373 936 2408 ad
972 2373 1035 2408 de-

319 2430 554 2466 dicationem
590 2430 758 2466 fabricae
792 2431 900 2474 pacis
938 2430 1035 2465 invi-

319 2492 485 2532 taverat,
524 2488 567 2523 A.
607 2493 735 2523 autem
774 2492 941 2524 aetatem
980 2488 1036 2524 in-

320 2546 615 2591 firmitatemque
648 2546 851 2581 excusavit
881 2555 940 2590 ep.
955 2546 1035 2582 269.

274 2605 395 2650 Noe,
434 2616 519 2641 cum
555 2606 731 2641 Christus
766 2606 805 2641 in
843 2606 1034 2641 infernum

320 2663 597 2708 descendisset,
634 2663 710 2699 illis
745 2663 942 2699 doloribus
977 2673 1036 2698 so-

320 2721 442 2756 lutum
477 2731 561 2757 esse
593 2725 682 2756 sunt
714 2721 778 2766 qui
811 2725 947 2766 putent
980 2720 1035 2755 III

321 2779 400 2824 526,
434 2778 487 2814 17.
531 2779 569 2814 in
612 2778 706 2824 Noe,
749 2778 926 2824 Danihel,
968 2778 1055 2819 Iob.

321 2836 492 2872 ostendit
552 2836 648 2872 deus
706 2840 786 2873 tres
848 2822 1057 2887 quasdam}

1121 2200 1275 2236 Petrum
1313 2201 1551 2245 baptizatum
1590 2211 1666 2236 non
1704 2201 1835 2244 fuisse,

1120 2268 1204 2293 cum
1249 2259 1412 2294 dixisset
1463 2259 1663 2302 apostolos
1715 2258 1834 2294 fuisse

1120 2316 1349 2360 baptizatos.
1385 2317 1428 2351 A.
1464 2316 1559 2352 satis
1592 2316 1725 2352 mirari
1757 2326 1835 2351 non

1121 2374 1248 2418 potuit
1278 2374 1330 2408 lV
1361 2374 1440 2419 638,
1473 2374 1526 2409 13.
1561 2374 1605 2409 A.
1638 2384 1834 2419 nunquam

1121 2442 1161 2467 se
1192 2432 1389 2468 audivisse
1421 2432 1476 2468 ait
1507 2431 1749 2467 Novatianos
1780 2431 1835 2467 di-

1121 2500 1206 2525 cere
1255 2489 1454 2534 apostolos
1502 2490 1656 2526 dedisse
1704 2489 1835 2534 paeni-

1120 2547 1281 2583 tentiam
1326 2557 1395 2591 pro
1441 2547 1634 2592 baptismo
1681 2547 1747 2592 ita,
1792 2550 1834 2581 ut

1120 2609 1210 2641 ante
1244 2605 1478 2649 baptismum
1514 2616 1598 2641 eam
1635 2605 1832 2641 dedissent

1120 2667 1236 2708 atque
1265 2663 1311 2708 ei,
1342 2663 1480 2709 quibus
1507 2663 1742 2707 data‘esset,
1768 2672 1834 2706 po-

1121 2725 1205 2757 stea
1228 2731 1305 2756 non
1331 2721 1495 2756 fuissent
1519 2720 1717 2765 baptizati,
1743 2720 1834 2766 quia

1121 2779 1177 2814 eis
1206 2779 1270 2814 illa
1298 2788 1366 2822 pro
1395 2778 1588 2822 baptismo
1616 2778 1755 2814 fuisset
1781 2777 1833 2812 IV

1119 2836 1199 2881 644,
1227 2836 1281 2871 11.
