2078 3054
858 98 1096 133 Praefatio.
1540 96 1734 131 LXXXII!

223 218 422 268 tionibus,
470 229 576 269 quae
619 216 966 269 insequebantur,
1013 214 1208 256 omnibus
1248 213 1530 255 obtinebatur.
1592 218 1742 254 auctus

224 287 288 324 est
327 286 466 322 autem
510 280 578 321 ille
616 279 722 321 liber
757 277 914 320 additis
951 278 1043 319 aliis
1081 275 1505 330 duodequadraginta
1536 276 1742 330 epistulis,

225 358 401 398 quarum
434 343 616 385 sedecim
650 342 764 396 (3189.
800 341 894 383 267.
931 342 994 382 ΤΟ.
1029 341 1126 383 218.
1161 341 1255 381 206.
1290 341 1357 380 57.
1393 340 1487 381 247.
1523 340 1617 380 251.
1646 342 1678 379 1.
1704 340 1742 380 2.

226 409 322 450 268.
355 408 421 448 85.
456 406 523 448 59.
551 408 614 447 13.
641 406 737 447 252.
766 406 862 458 17])
894 405 946 445 de
970 405 1197 459 exemplari
1224 404 1448 445 Parisiensi
1472 402 1743 457 depromptae

225 485 317 514 esse
354 470 563 521 dicuntur,
607 469 764 511 alterae
803 469 951 523 viginti
992 468 1100 509 duae
1133 469 1248 520 (113).
1290 468 1380 509 120.
1415 467 1482 507 61.
1520 467 1609 506 125.
1649 466 1741 507 126.

226 535 321 576 256.
362 534 452 574 124.
491 534 584 573 114.
623 533 714 573 113.
753 533 846 573 115.
882 532 977 572 116.
1011 531 1106 572 253.
1141 531 1236 571 254.
1272 531 1367 571 255.
1402 530 1468 570 64.
1494 530 1560 570 65.
1585 531 1651 570 56.
1676 530 1742 571 69.

225 598 292 638 ³³3.
325 597 392 638 63.
429 597 491 637 52.
526 596 599 648 84)
632 595 836 637 beneficio
865 595 1032 636 Martini
1064 594 1191 648 Lipsii
1223 594 1462 635 accessisse.
1495 598 1621 645 atquc
1642 591 1744 633 illud

224 661 433 714 exemplai
473 660 708 700 Parisiense
748 659 932 700 codicem
966 659 1218 699 Trecenseni
1251 658 1307 698 40
1343 665 1416 698 aut
1448 657 1536 698 eius
1569 657 1743 698 similem

225 724 368 775 fuisse,
401 737 494 764 cum
527 729 694 777 praeter
727 728 956 764 extremam
990 721 1209 777 epistulam
1246 722 1321 761 171
1343 723 1372 768 1’)
1405 727 1570 762 ceterae
1602 733 1746 761 omnes

226 801 421 840 magnam
463 792 622 840 partem
667 785 811 827 eodem
856 785 1002 826 ordine
1046 785 1086 825 in
1130 798 1176 826 eo
1226 785 1506 829 inveniantur,
1554 791 1745 824 constare

227 850 393 891 videtur
435 863 570 902 neque
608 849 779 890 aliunde
818 855 1007 902 sumptas
1047 862 1139 890 esse
1178 848 1391 901 epistulas,
1437 861 1540 899 quas
1580 847 1745 900 Lipsius

225 914 387 963 obtulit,
421 912 567 955 eadem
601 912 651 954 de
685 926 808 954 causa
842 912 1031 953 concludi
1065 918 1200 965 potest
1233 913 1302 965 10¹¹·
1330 926 1365 965 p.
1392 910 1567 951 XXan

285 1041 406 1081 Hunc
430 1040 699 1093 epistularum
723 1045 877 1080 statum
909 1047 1167 1093 exceperunt
1196 1038 1378 1092 theologi
1403 1037 1746 1079 Lovanienscs

226 1117 454 1156 earumque
494 1103 679 1144 studium
723 1102 906 1144 editione
950 1103 1206 1156 Antverpiae
1248 1116 1359 1143 anno
1404 1102 1509 1142 15Ῑ6
1558 1102 1745 1142 instituta

227 1180 352 1219 quam
396 1167 579 1208 maxime
622 1168 828 1208 iuverunt.
876 1166 985 1218 quod
1030 1167 1137 1206 enim
1183 1172 1280 1206 ante
1324 1165 1479 1206 sactum
1524 1179 1603 1205 non
1645 1171 1745 1208 erat,

228 1243 421 1283 magnam
457 1230 651 1270 librorum
685 1243 795 1281 mss,
830 1230 1013 1271 maxime
1047 1230 1309 1283 Belgieoruin
1344 1229 1505 1282 copiam
1530 1228 1744 1280 conquire—

231 1294 330 1333 bant
362 1293 508 1345 eisque
542 1293 717 1334 conlatis
750 1294 791 1333 in
825 1293 1097 1347 epistularum
1131 1292 1466 1333 emendationem
1500 1291 1667 1332 assidue
1699 1304 1745 1331 ae

227 1356 451 1409 diligenter
482 1357 807 1414 incumbebant·
832 1370 969 1408 neque
1003 1355 1252 1396 mediocrem
1291 1368 1459 1408 operam
1494 1363 1533 1395 et
1564 1355 1747 1396 laborem

227 1425 511 1473 susceperant.
556 1420 627 1460 vix
670 1421 779 1460 enim
825 1433 1073 1472 quemquam
1123 1418 1378 1460 crediturum
1424 1418 1601 1470 aiunt.²)
1650 1423 1749 1471 quot

227 1483 327 1524 loeis
358 1483 584 1536 genuinam
619 1483 837 1524 lectionem
872 1483 1148 1524 adulteratam
1182 1486 1309 1534 atque
1342 1487 1577 1535 corruptam
1612 1482 1749 1535 potius

226 1560 350 1598 quam
390 1546 652 1587 emendatam
694 1545 1074 1600 deprehendissent
1106 1545 1283 1587 adiectis
1323 1559 1370 1586 ae
1414 1546 1597 1596 mutatis,
1650 1545 1746 1586 sub-

227 1609 324 1650 inde
358 1623 379 1650 e
411 1609 549 1650 medio
583 1610 760 1650 sublatis
792 1608 1043 1661 quibusdam
1081 1609 1253 1650 vocibus
1285 1614 1359 1649 aut
1381 1609 1601 1649 sententiis
1622 1614 1748 1660 atquc

226 1686 358 1726 prava
391 1673 596 1713 sermonis
627 1686 675 1713 ae
709 1673 883 1714 confusa
907 1672 1190 1713 distinctione.
1225 1672 1335 1724 quod
1359 1671 1562 1714 accidisse
1587 1678 1748 1726 putant,

226 1735 324 1776 dum
358 1737 659 1788 unusquisque,
705 1750 812 1788 quae
847 1749 927 1777 non
961 1736 1061 1777 satis
1094 1735 1385 1787 intellexisset,
1429 1736 1678 1777 coniecturis
1699 1749 1749 1776 ac

227 1799 536 1852 suspicionibus
569 1804 824 1840 vetustorum
860 1799 1047 1840 codicum
1081 1813 1205 1840 manu
1229 1799 1476 1853 scriptorum
1500 1799 1748 1841 auctoritate

226 1862 451 1903 destitutus
493 1863 798 1913 inmutavisset,
849 1863 1109 1913 resecuisset,
1158 1862 1392 1903 addidisset
1430 1863 1495 1903 vel
1531 1876 1746 1916 perperam

227 1925 504 1966 distinxisset.
550 1925 646 1977 quid
689 1926 816 1979 igitur
848 1927 1010 1977 mirum,
1055 1927 1087 1967 si
1121 1926 1172 1967 de
1205 1925 1387 1966 secundo
1420 1931 1626 1979 proventu
1659 1927 1745 1980 glo-

227 1988 385 2029 riantur
434 1989 662 2029 innumeris
710 1990 808 2030 loeis
861 1990 1063 2042 epistulas
1109 2002 1153 2030 se
1201 1989 1492 2030 emendavisse
1543 1989 1744 2030 dicentes.

228 2065 371 2093 verum
403 2052 528 2092 etiam
562 2065 760 2093 numerus
785 2053 1056 2106 epistularum
1080 2066 1154 2106 per
1176 2053 1464 2093 Lovanienses
1485 2052 1745 2104 aliquantum

229 2115 371 2156 crevit.
416 2128 521 2167 quae
555 2116 663 2155 enim
697 2116 738 2155 in
773 2116 1001 2156 novissima
1034 2115 1217 2156 editione
1252 2116 1517 2157 Frobeniana
1549 2115 1747 2157 collectae

229 2183 360 2229 erant,
392 2178 446 2219 ad
478 2191 548 2218 eas
581 2178 869 2232 undetriginta
900 2191 1043 2229 novas,
1077 2183 1163 2219 tum
1195 2179 1434 2232 incognitas
1457 2178 1748 2232 adiungebant

228 2246 353 2293 atque
386 2241 562 2294 primum
595 2240 764 2292 quidem
799 2241 1001 2295 epistulas
1033 2242 1128 2282 246.
1164 2241 1229 2282 79.
1265 2241 1301 2282 8.
1339 2242 1431 2282 160.
1470 2242 1562 2293 161,
1595 2241 1748 2283 deinde

230 2318 334 2356 quas
380 2305 435 2344 24
483 2318 535 2345 ex
584 2304 700 2345 libris
745 2304 959 2345 Vaticanis
1005 2305 1089 2345 495
1136 2310 1175 2346 et
1222 2304 1304 2344 499
1353 2318 1424 2347 eos
1468 2304 1747 2358 adquisivisse

229 2381 266 2420 p.
299 2367 417 2407 XXV
455 2366 652 2418 diximus,
696 2367 774 2408 hoc
811 2367 976 2409 ordine:
1022 2367 1115 2409 263.
1156 2369 1223 2409 94.
1266 2367 1331 2409 95.
1377 2367 1470 2409 269.
1518 2367 1610 2409 179.
1651 2368 1745 2409 237.

294 2500 318 2539 ¹)
349 2498 497 2532 lntitiari
538 2509 607 2533 non
646 2509 793 2542 possum
833 2498 926 2532 lianc
959 2499 1151 2543 epistulam
1184 2510 1263 2533 esse
1296 2500 1458 2543 potuisse
1498 2499 1531 2533 111
1565 2502 1747 2543 postremo

232 2550 320 2584 folio
358 2550 494 2583 codicis
526 2550 719 2585 Trecensis
751 2553 793 2586 40
826 2554 905 2593 post
940 2550 1131 2594 epistulam
1163 2553 1240 2593 252,
1280 2551 1377 2595 quod
1410 2550 1535 2585 folium
1562 2562 1594 2594 p.
1621 2551 1744 2585 XXIV

231 2602 397 2636 interisse
428 2602 584 2636 diximus
618 2602 677 2643 ita,
717 2606 757 2636 ut
789 2602 968 2646 epistulae
995 2603 1061 2638 252
1087 2602 1227 2636 initium
1254 2606 1393 2637 tantuin
1420 2603 1586 2646 supersit.
1626 2614 1747 2647 quam-

231 2664 338 2697 quam
364 2664 481 2697 neque
509 2653 542 2687 in
571 2653 689 2688 indice
718 2653 814 2687 illius
840 2653 976 2688 codicis
1003 2658 1058 2689 est
1084 2665 1201 2698 neque
1228 2655 1262 2688 in
1289 2654 1414 2688 codice
1434 2654 1629 2689 Harleiano
1648 2657 1746 2697 3107,

231 2706 291 2748 qui
320 2705 353 2739 in
380 2705 446 2739 liae
473 2709 575 2748 parte
601 2715 680 2738 cuin
708 2705 879 2739 'Precensi
907 2708 951 2741 40
977 2707 1155 2750 congruit.

288 2757 314 2800 ‘-')
341 2756 443 2790 Toni.
465 2757 497 2790 ll
525 2767 557 2800 p.
576 2759 652 2792 391.

301 2825 397 2851 LVIII.
418 2826 602 2858 Augustinus.
621 2826 885 2858 (tioldbachcr.)
1490 2814 1525 2848 f*
