2078 3054
255 149 306 190 18
891 160 1031 197 Index
1058 158 1134 196 ΙΙΙ.

252 277 488 322 Septembris
521 278 591 313 399
626 278 847 322 proconsuli
884 278 1037 314 Africae
1073 279 1242 324 missam,
1278 289 1364 324 qua,
1400 278 1466 313 illa
1504 278 1691 313 sacrificia
1729 289 1774 313 ne

250 335 396 381 fierent,
424 335 672 371 interdictum
701 340 804 381 est.¹)

390 395 568 439 Epistula
599 397 646 432 48
677 405 714 440 p.
747 396 824 441 139,
856 396 913 431 26:
961 396 1074 431 Nunc
1104 397 1257 439 fratres,
1290 397 1356 442 qui
1387 399 1578 431 venerunt
1610 407 1632 431 a
1665 396 1776 430 cobis

249 455 453 490 Eustasius
481 458 519 490 et
548 454 726 490 Andreas
756 455 897 490 bonum
925 455 1069 490 Christi
1098 456 1256 490 odorem
1284 456 1332 491 de
1364 459 1495 491 vestra
1524 458 1660 491 sancta
1688 465 1775 489 con-

254 515 474 548 versatione
502 514 558 562 vad
594 524 665 549 nos
701 513 937 556 adtulerunt,
973 524 1135 559 quorum
1171 514 1374 549 Eustasius
1410 515 1449 549 in
1484 524 1569 549 eam
1605 515 1775 559 requiem

249 573 475 616 praecessit,
498 582 596 617 quae
622 573 739 608 nullis
764 573 944 614 fluctibus
967 574 1068 608 sicut
1091 574 1217 608 insula
1243 573 1429 616 tunditur,
1454 584 1525 608 nec
1547 573 1774 618 Caprariam

247 629 456 673 desiderat,
489 632 580 674 quia
612 640 683 666 nec
716 631 842 666 cilicio
875 632 951 666 iam
986 632 1136 676 quaerit
1168 632 1289 666 indui.
1336 641 1498 677 quorum
1531 631 1702 666 virorum
1738 631 1775 665 in

248 689 418 724 Africam
455 689 648 725 adventus
686 690 718 724 si
755 689 881 725 factus
918 694 977 726 est
1013 690 1052 725 in
1090 690 1351 735 expeditione,
1389 700 1465 735 qua
1501 689 1690 725 Mascezel
1726 690 1776 724 ad

248 748 543 793 opprimendam
571 749 801 785 seditionem
828 748 1101 784 Gildonianam
1128 749 1325 794 profectus
1355 748 1581 793 Caprariam
1603 749 1774 794 ‚insulam

250 807 359 850 adiit,
382 808 485 842 unde
510 817 641 842 secum
665 811 823 842 sanctos
846 817 981 843 servos
1007 807 1070 842 dei
1095 808 1243 852 aliquot
1267 810 1465 852 permotos
1490 807 1670 852 precibus
1694 808 1776 842 suis

248 865 457 910 sumpsit‚²)
487 865 581 901 haec
610 865 779 910 epistula
806 864 970 902 Gildone
1000 877 1034 901 a.
1062 866 1131 901 398
1160 870 1353 911 superato,
1384 877 1468 901 cum
1499 866 1676 901 Andreas
1705 864 1775 900 Ca-

247 923 415 966 prariam
443 928 714 969 reverteretur,
742 924 888 968 scripta
914 929 983 960 est.

387 982 566 1027 Epistula
596 985 642 1020 49
673 983 848 1027 episcopi
878 983 1087 1029 Augustini
1119 994 1166 1019 ex
1198 994 1243 1020 eo
1272 994 1414 1029 genere
1445 987 1515 1028 est,
1547 983 1594 1018 de
1625 992 1700 1028 quo
1736 982 1773 1017 in

245 1041 413 1086 epistula
439 1043 483 1078 43
509 1052 545 1087 p.
572 1043 628 1088 85,
655 1044 700 1078 19
724 1043 832 1078 dicit:
873 1044 982 1079 Unde
1008 1044 1155 1085 factum
1180 1046 1251 1086 est,
1276 1046 1318 1078 ut
1343 1043 1461 1078 etiam
1487 1043 1537 1077 ad
1567 1042 1773 1076 nonnullos

248 1100 540 1137 Donatistarum
574 1103 781 1147 primarios
816 1102 1072 1137 scriberemus
1109 1113 1187 1137 non
1223 1102 1587 1137 communicatorias
1622 1101 1774 1135 litteras

245 1160 314 1195 sed
348 1161 536 1206 privatas,
570 1160 677 1196 velut
711 1171 771 1205 ep.
807 1161 862 1197 23.
897 1161 952 1196 33.
987 1161 1043 1198 43.
1078 1162 1134 1196 44.
1170 1162 1225 1197 51.
1261 1161 1316 1198 52.
1352 1161 1407 1196 56.
1443 1161 1499 1196 57.
1536 1157 1591 1195 66.
1627 1159 1681 1194 87.
1717 1159 1773 1194 93.

247 1220 324 1255 106.
357 1216 434 1265 108,
466 1230 627 1265 quarum
661 1224 859 1264 postrema
889 1230 936 1255 ex
969 1230 1070 1255 anno
1101 1220 1169 1255 410
1200 1230 1284 1255 esse
1315 1219 1481 1254 videtur.
1524 1219 1654 1264 itaque
1688 1228 1771 1252 cum

245 1283 398 1322 tempus
427 1279 647 1314 accuratius
677 1279 844 1314 describi
873 1289 950 1314 non
980 1279 1115 1324 possit,
1145 1290 1228 1314 eam
1260 1279 1361 1314 intra
1389 1288 1512 1313 annos
1542 1278 1611 1313 396
1640 1282 1676 1312 et
1706 1277 1774 1312 410

246 1337 397 1373 cadere,
410 1337 663 1374 censebimus.

386 1379 564 1440 Epistula
593 1399 639 1434 50
667 1397 910 1443 Augustinus
937 1396 1107 1442 loquitur
1137 1397 1184 1433 de
1214 1396 1391 1441 tumultu,
1423 1396 1488 1442 qui
1516 1396 1565 1431 ob
1595 1405 1772 1431 eversum

248 1455 422 1492 Herculis
454 1456 699 1491 simulacrum
730 1456 768 1491 in
799 1456 952 1499 colonia
984 1455 1171 1491 Sufetana
1200 1456 1314 1491 modo
1347 1458 1431 1491 erat
1459 1458 1627 1490 exortus.
1670 1454 1774 1499 quod

246 1515 277 1550 si
301 1516 547 1551 subsecutum
569 1520 627 1551 est
650 1515 753 1550 illam
778 1515 914 1560 legem,
936 1526 1012 1561 qua
1034 1526 1067 1551 a.
1090 1515 1126 1552 d.
1148 1515 1202 1549 VI
1224 1515 1279 1552 ld.
1302 1515 1371 1550 Iul.
1393 1526 1426 1553 a.
1449 1515 1519 1550 399
1540 1514 1632 1549 data
1655 1523 1772 1559 paga-

248 1584 383 1610 norum
407 1575 553 1619 templa
577 1580 620 1610 ut
643 1575 900 1620 diruerentur,
925 1579 1175 1619 praeceptum
1201 1574 1327 1620 erat,³)
1355 1574 1449 1609 haec
1474 1573 1642 1618 epistula
1670 1572 1771 1607 haud

245 1632 365 1668 multo
394 1637 482 1677 post
511 1633 656 1677 scripta
682 1643 766 1669 esse
794 1632 960 1669 videtur.

386 1691 565 1736 Epistula
599 1695 640 1729 51
680 1692 825 1736 scripta
861 1696 919 1728 est
966 1697 1117 1728 mortuo
1154 1692 1296 1737 Optato
1333 1692 1667 1738 Tamugadensi,⁴)
1708 1691 1772 1737 qui

245 1751 360 1795 paulo
393 1756 481 1796 post
512 1751 690 1787 Gildonis
720 1752 951 1787 seditionem
980 1763 1014 1790 a.
1046 1752 1115 1788 398
1144 1762 1372 1797 oppressam
1403 1753 1442 1787 in
1472 1762 1626 1787 carcere
1659 1751 1773 1786 inter-

245 1811 369 1846 fectus
395 1815 465 1853 est,
491 1816 527 1846 et
551 1811 643 1846 vivo
669 1811 786 1847 etiam
813 1815 893 1846 tum
921 1811 1173 1847 Praetextato
1200 1811 1476 1856 Assuritano,⁵)
1506 1821 1618 1856 quem
1643 1810 1772 1855 Augu-

246 1870 369 1905 stinus
405 1870 444 1905 in
478 1874 650 1906 extremo
685 1870 782 1906 libro
818 1870 873 1904 III
907 1875 1042 1905 contra
1076 1870 1283 1914 epistulam
1318 1869 1610 1920 Parmenianifl)
1650 1879 1772 1913 nuper

246 1928 471 1965 defunctum
504 1940 587 1966 esse
618 1929 723 1965 dicit.
766 1930 870 1975 quod
899 1929 1126 1974 opusculum
1158 1940 1244 1965 cum
1275 1940 1308 1964 a.
1339 1930 1409 1964 400
1438 1928 1656 1964 coniectum
1687 1938 1771 1964 esse

247 1992 410 2033 constet,
441 1987 540 2023 hanc
573 1988 778 2031 epistulam
809 1988 909 2023 intra
939 1999 972 2022 a.
1001 1988 1070 2023 399
1100 1992 1138 2023 et
1166 1988 1235 2022 400
1265 1987 1450 2031 scriptam
1480 1997 1564 2024 esso
1594 1986 1770 2022 efficitur.

386 2045 442 2081 De
474 2045 641 2090 epistula
674 2048 719 2082 52
750 2046 850 2081 idem
886 2046 963 2081 dici
995 2050 1125 2090 potest
1156 2050 1272 2091 atque
1303 2046 1350 2081 de
1383 2056 1443 2090 ep.
1476 2046 1531 2090 49,
1563 2045 1638 2079 nisi
1669 2044 1771 2089 quod

245 2109 325 2140 tum
364 2105 440 2140 iam
479 2105 652 2140 extincta
690 2105 810 2141 fuisse
849 2105 1004 2141 videtur
1042 2105 1266 2140 decennalis
1309 2106 1358 2148 (a.
1395 2104 1598 2148 388—398)
1640 2102 1772 2148 Optati

244 2163 553 2209 Tamugadensis
578 2164 799 2209 potentia.⁷)

386 2215 564 2267 Epistula
593 2225 637 2260 53
667 2224 813 2267 scripta
841 2234 918 2258 non
946 2228 1005 2259 est
1033 2228 1123 2259 ante
1155 2235 1297 2259 annum
1326 2225 1405 2269 398,
1435 2234 1510 2270 quo
1539 2223 1771 2258 Anastasius

245 2282 514 2327 episcopatum
544 2282 689 2318 Romae
720 2283 851 2327 iniit,⁸)
887 2294 1010 2329 neque
1042 2287 1131 2327 post
1160 2294 1303 2318 annum
1332 2284 1411 2328 400,
1442 2293 1517 2329 quo
1548 2283 1772 2318 Praetexta-

245 2347 326 2377 tum
364 2342 636 2377 Assuritanum
674 2341 775 2377 diem
815 2351 1035 2386 supremum
1073 2342 1214 2377 obiisse
1253 2342 1368 2377 modo
1406 2342 1590 2386 diximus3
1629 2341 1770 2378 etenim

247 2404 327 2435 tum
355 2412 441 2437 eum
470 2400 616 2436 vixisse
644 2412 692 2436 ex
722 2412 757 2446 p.
788 2401 864 2446 157,
892 2402 1008 2436 3-15
1036 2406 1155 2446 patet.

387 2459 585 2503 Epistulas
618 2461 664 2495 54
696 2464 734 2494 et
767 2461 812 2496 55
844 2459 1086 2509 Augustinus
1120 2460 1203 2504 ipse
1236 2461 1275 2495 in
1307 2461 1581 2504 opusculorum
1616 2469 1769 2495 suorum

246 2517 381 2554 ordine
406 2518 505 2553 inter
530 2517 649 2554 libros
674 2522 821 2562 septem
847 2518 893 2553 de
917 2519 1108 2562 baptismo
1133 2524 1171 2554 et
1194 2519 1331 2554 librum
1355 2520 1403 2555 de
1427 2529 1543 2563 opere
1566 2519 1764 2554 monacho-

390 2658 420 2701 1)
448 2656 638 2693 Theodos.
661 2657 724 2694 lib.
747 2657 837 2692 XVI
861 2658 915 2703 10,
937 2659 979 2693 17
1005 2662 1042 2694 et
1066 2659 1119 2694 18.
1265 2659 1294 2703 ²)
1325 2658 1432 2694 Oros.
1454 2658 1542 2695 hist.
1566 2658 1638 2693 VII
1659 2658 1715 2703 36,
1739 2658 1769 2693 5.

389 2716 419 2760 ε)
449 2715 639 2753 Theodos.
665 2716 729 2752 lib.
752 2715 842 2751 xvi
867 2717 922 2761 10,
946 2717 999 2752 16.
1192 2717 1221 2761 ι)
1252 2726 1288 2760 p.
1313 2718 1390 2763 147,
1414 2718 1447 2752 4.

389 2776 420 2818 ⁵)
449 2785 486 2819 p.
503 2775 580 2819 147,
596 2775 744 2811 14—19.
937 2776 966 2820 θ)
997 2775 1124 2820 Migne
1151 2776 1288 2820 patrol.
1311 2776 1377 2813 lat.
1403 2776 1527 2811 XLIII
1551 2787 1587 2821 p.
1613 2771 1690 2821 108,
1715 2777 1770 2813 29.

390 2834 418 2869 τ)
450 2844 484 2877 p.
513 2834 590 2877 151,
618 2834 768 2869 11-13:
798 2835 844 2869 cf.
872 2846 907 2879 p.
939 2835 1016 2874 106,
1045 2835 1147 2869 6—9.
1340 2836 1368 2873 ’ἡ
1399 2845 1434 2879 p.
1465 2836 1541 2880 154,
1568 2836 1600 2870 s.
