2078 3054
290 162 369 210 178
957 176 1097 218 Index
1126 183 1169 219 V.

285 295 636 341 Cresconius,
684 297 732 332 ad
769 307 880 342 quem
916 297 958 332 A.
995 295 1042 332 de
1081 296 1375 341 Crispulus
1418 301 1706 346 episcopusin
1751 314 1838 339 con-

332 356 494 391 Faventi
529 366 645 389 causa
678 355 795 390 semel
826 360 941 400 atque
976 355 1041 390 ite-

333 424 414 448 rum
442 413 596 457 scripsit
622 412 655 446 Il
679 413 758 457 659,
786 413 839 457 14,
866 413 1041 448 tribunus

1128 356 1215 391 cilio
1265 356 1561 403 Carthaginensi
1610 361 1732 396 adfuit
1784 362 1837 396 111

1128 414 1206 459 652,
1234 415 1265 449 8.

332 471 449 506 fuisse
485 471 650 514 videtur,
672 470 751 516 .qui
788 471 1042 505 custodiendo
1081 469 1361 508 Critobuli
1403 475 1471 509 sub
1512 476 1663 512 nomine
1706 476 1838 512 Hiero-

332 528 435 563 litori
459 534 542 563 erat
567 528 800 563 constitutus
820 528 858 573 ,ΙΙ
883 529 962 573 661,
986 525 1062 567 24!
1127 540 1265 574 nymus
1295 531 1483 567 adversus
1511 532 1708 578 Pelagium
1739 544 1837 578 opus

284 597 618 631 Cresconius
673 607 810 632 nomen
864 602 920 632 est
975 608 1041 632 sex

1127 587 1249 622 edidit
1278 587 1332 622 111
1364 590 1441 634 700,
1469 590 1502 624 3.

331 655 612 700 episcoporum,
677 655 740 700 qui
805 666 937 690 omnes
1003 655 1041 689 jn
1080 645 1414 700 crucifixus:
1477 647 1514 682 in
1576 649 1836 684 sacratissimo

329 713 492 747 concilio
553 712 776 748 Milevitano
834 713 1041 748 adfuerunt

332 770 384 804 III
411 771 490 816 663,
518 772 549 805 6.
579 771 610 805 8.
638 771 717 814 664,
746 771 777 805 2.
805 771 837 806 3.
865 772 897 806 6.

283 838 618 874 Cresconius
680 845 718 875 et
780 840 899 885 Felix,
964 839 1039 874 duo

330 890 488 932 iuvenes
526 897 713 942 monachi,
762 898 808 932 ad
848 898 891 932 A.
927 908 1040 933 vene-

330 961 415 990 runt
464 960 501 990 et
551 955 780 991 rettulerunt
831 966 1040 1002 congrega-

328 1013 471 1050 tionem
507 1024 613 1048 suam
650 1013 860 1059 Pelagiana
894 1014 1040 1049 dissen-

329 1071 435 1106 sione
469 1082 553 1107 esse
586 1072 778 1106 turbatam
812 1071 864 1105 IV
896 1071 974 1116 380,
1007 1072 1039 1106 5.

329 1129 473 1172 pascha
500 1130 603 1173 apud
633 1140 718 1164 eum
747 1134 834 1164 acto
863 1129 900 1164 in
930 1140 1038 1164 suum

328 1187 602 1222 monasterium
658 1191 897 1222 reverterunt
955 1198 1039 1222 cum

329 1255 387 1288 ep.
414 1246 481 1280 215
509 1246 557 1280 ad
587 1246 762 1280 abba-tem
792 1245 1038 1280 Valentinum

329 1303 422 1338 data
456 1303 618 1348 aliisque
654 1303 820 1348 scriptis,
857 1314 953 1348 quae
991 1303 1037 1338 ad

327 1360 575 1406 Pelagianam
627 1361 823 1397 haeresem
875 1362 1040 1405 pertine-

328 1419 421 1455 bant
451 1419 503 1453 IV
534 1419 613 1464 387,
645 1419 697 1454 16.
727 1419 805 1464 389,
837 1420 868 1454 7.

281 1487 308 1522 C
325 1499 341 1522 r
356 1499 375 1523 e
391 1493 405 1524 t
420 1499 439 1524 e
456 1500 480 1523 n
495 1489 570 1524 sis
600 1489 790 1542 propheta
818 1488 871 1523 III
899 1489 954 1533 51,
987 1490 1038 1523 17.

282 1557 566 1593 Crisimum
610 1559 722 1594 rebus
764 1558 939 1593 adversis
983 1557 1038 1592 ni-

326 1617 398 1651 mis
435 1617 700 1660 perturbatum
739 1616 960 1653 consolat-ur
995 1616 1038 1650 A.

327 1684 386 1718 ep.
414 1675 492 1709 244.

1127 703 1254 738 triduo
1297 704 1480 749 crucifixi,
1524 706 1676 751 sepulti,
1720 707 1837 742 susci-

1127 761 1198 795 tati
1222 761 1364 797 Christi
1386 763 1488 807 quod
1515 763 1707 808 significat
1731 775 1836 808 crux,

1126 818 1164 852 in
1199 820 1393 863 praesenti
1427 820 1577 865 agimus
1608 821 1701 867 vita,
1734 822 1837 867 quod

1126 880 1252 912 autem
1280 877 1470 922 significat
1497 879 1695 922 sepultura
1719 885 1757 915 et
1782 891 1837 915 re-

1127 935 1325 980 surrectio,
1350 935 1422 971 fide
1448 946 1490 971 ac
1517 947 1584 981 spe
1609 938 1777 982 gerimus
1801 938 1835 972 II

1127 992 1203 1036 195,
1233 993 1286 1027 13.

1079 1050 1261 1085 crucis
1310 1050 1451 1086 Christi
1503 1052 1594 1097 quid
1646 1053 1834 1098 significet

1123 1107 1301 1153 latitudo,
1322 1109 1498 1154 altitudo,
1518 1110 1730 1155 longitudo,
1752 1120 1836 1155 pro-

1126 1165 1285 1201 fundum
1319 1166 1353 1200 II
1389 1167 1464 1211 196,
1497 1168 1550 1202 15.
1584 1167 1637 1202 III
1669 1169 1748 1214 211,
1782 1169 1835 1203 15.

1124 1224 1202 1268 307,
1239 1225 1291 1259 16.
1326 1225 1450 1260 crucis
1485 1225 1634 1270 signum
1670 1226 1724 1260 III
1757 1227 1835 1262 489.

1125 1281 1169 1316 24
1195 1282 1364 1326 (Evod.).

1078 1339 1287 1375 cubilia
1321 1346 1356 1376 et
1391 1340 1642 1385 inpudicitiae
1676 1342 1730 1377 ita
1760 1353 1835 1376 ma-

1124 1408 1241 1442 gnum
1274 1398 1418 1433 crimen
1450 1404 1620 1444 putatur,
1651 1404 1692 1434 ut
1725 1410 1835 1435 nemo

1124 1456 1264 1500 dignus
1304 1466 1380 1491 non
1419 1457 1532 1491 modo
1572 1457 1835 1492 ecclesiastico

1124 1513 1337 1549 ministerio
1365 1514 1431 1549 sed
1460 1514 1545 1558 ips‘a
1570 1515 1685 1550 etiam
1711 1526 1836 1550 sacra-

1123 1575 1337 1606 mentorum
1390 1572 1656 1608 communione
1706 1573 1836 1607 videa-

1124 1633 1196 1673 tur,
1223 1630 1287 1675 qui
1315 1640 1354 1665 se
1382 1631 1455 1665 isto
1483 1635 1642 1674 peccato
1669 1630 1835 1665 macula-

1123 1687 1221 1722 verit
1252 1687 1268 1721 Ι
1296 1688 1352 1731 56,
1383 1687 1436 1722 12.

280 1743 308 1778 C
324 1754 340 1778 r
356 1744 399 1779 is
414 1753 438 1787 p
454 1744 505 1778 in
519 1755 542 1778 u
558 1754 575 1779 s
605 1743 811 1779 Donatista
840 1744 971 1779 urbem
1000 1743 1038 1777 in
1078 1743 1104 1778 C
1121 1755 1193 1778 um
1210 1756 1233 1780 a
1246 1755 1266 1780 e
1281 1755 1305 1779 u
1320 1755 1337 1779 s
1365 1755 1398 1780 v.
1423 1744 1625 1790 Cymaeus

328 1801 509 1837 Numidia
540 1802 710 1845 Hipponi
740 1798 906 1836 vicinam
938 1801 1039 1835 in‘co-
1077 1812 1094 1836 c
1111 1813 1135 1836 u
1150 1813 1166 1836 r
1181 1813 1204 1837 a
1217 1807 1232 1837 t
1246 1813 1268 1837 o
1283 1814 1300 1837 r
1349 1803 1520 1838 civitatis
1570 1803 1606 1837 II
1652 1803 1730 1848 410,
1780 1803 1833 1837 12.

327 1859 430 1895 lebat
458 1859 491 1894 11
523 1860 599 1904 144,
625 1860 656 1894 8.
686 1860 738 1894 15.
763 1869 890 1894 rumor
918 1859 967 1894 ad
994 1859 1037 1893 A.

327 1918 465 1953 detulit
498 1929 583 1953 eum
617 1917 716 1952 velle
749 1927 877 1952 secum
909 1917 1039 1960 dispu-

1124 1870 1158 1895 v.
1182 1859 1381 1896 Secundus
1405 1861 1653 1905 Tigisitanus.
1677 1871 1834 1897 excura-

1124 1922 1183 1952 tor
1213 1918 1248 1952 II
1279 1919 1357 1963 410,
1390 1919 1442 1953 11.

327 1981 408 2011 tare
445 1976 491 2011 de
529 1975 766 2021 quaestione,
803 1986 900 2019 quae
938 1974 1039 2018 ipso·
1076 1976 1354 2011 custodia:
1386 1976 1470 2022 lege
1500 1986 1723 2012 concessum
1752 1980 1831 2011 erat

327 2045 406 2068 rum
440 2034 634 2068 dirimeret
668 2033 972 2068 communionem
1004 2032 1036 2066 II

330 2092 405 2133 144,
431 2092 462 2126 9.
488 2102 563 2136 qua
589 2102 628 2126 re
656 2091 699 2125 A.
724 2100 782 2134 ep.
808 2091 849 2125 51
877 2090 926 2125 ad
952 2101 1036 2125 eum

330 2149 443 2193 misit,
459 2154 501 2184 ut
515 2149 781 2192 responderet:
797 2148 899 2193 quod
915 2148 946 2182 si
962 2158 1037 2182 non

329 2207 533 2250 sufficeret,
549 2207 693 2251 scripta
708 2211 822 2251 atque
839 2205 1037 2250 rescripta,

327 2265 448 2300 ‹lonec
500 2264 704 2307 sufficeret,
753 2264 873 2307 repeti
925 2273 1037 2307 posse

329 2322 361 2356 lI
401 2323 476 2365 144,
515 2322 568 2357 12.
618 2322 717 2357 idem
755 2321 912 2356 colonos
949 2331 1037 2355 suos

329 2379 612 2423 Mappalienses
635 2379 902 2423 rebaptizavit,
925 2389 1036 2424 quam

328 2448 405 2472 rem
430 2438 464 2473 ei
487 2438 697 2481 exprobrat.
719 2437 761 2472 A.
782 2447 842 2481 ep.
864 2437 919 2471 66.
942 2435 1037 2471 iudi-

327 2501 435 2529 catus
480 2495 695 2530 haereticus
739 2504 865 2538 poena
906 2494 1036 2529 decem

328 2553 508 2588 librarum
543 2553 637 2597 auri,
671 2563 768 2597 quae
804 2552 842 2587 in
878 2551 1038 2587 haereti-

1123 2034 1190 2078 eis,
1222 2035 1287 2079 qui
1319 2034 1655 2078 praecipiebantur
1687 2035 1735 2069 ab
1768 2033 1834 2068 ali-

1123 2102 1198 2136 qua
1234 2096 1427 2135 potestate
1464 2091 1615 2126 iudiciis
1651 2091 1833 2133 exhiberi,

1124 2154 1177 2194 ut,
1200 2150 1230 2184 si
1255 2149 1411 2193 vellent,
1436 2149 1596 2194 triginta
1620 2149 1702 2184 dies
1726 2149 1763 2184 in
1789 2158 1832 2185 ea

1124 2207 1294 2251 civitate,
1322 2207 1386 2242 ubi
1413 2211 1646 2251 tenerentur,
1674 2210 1833 2251 agerent

1124 2265 1193 2299 sub
1228 2265 1429 2300 moderata
1465 2264 1643 2299 custodia
1679 2264 1714 2298 II
1754 2264 1832 2303 660,

1124 2322 1179 2357 23.
1203 2323 1282 2367 662,
1306 2323 1338 2357 5.

1071 2379 1491 2423 Cutzupitarum
1512 2378 1739 2415 vocabulum
1760 2378 1832 2413 Do-

1123 2438 1267 2472 natista
1301 2437 1435 2482 paucis
1470 2437 1696 2481 praesidens
1731 2436 1832 2471 Afris

1124 2496 1161 2530 in
1208 2496 1299 2530 urbe
1346 2495 1469 2530 Roma
1516 2494 1748 2539 propagavit
1798 2492 1832 2527 II

1125 2553 1202 2598 154,
1228 2553 1260 2588 5.

328 2621 392 2645 cos
441 2610 565 2645 fuerat
614 2610 836 2653 constituta,
886 2609 1037 2644 Possidi
1076 2609 1353 2655 Cymaeum
1399 2615 1593 2655 tamquam
1640 2608 1833 2653 propheti-

328 2669 502 2712 episcopi
530 2668 743 2703 intercessu
769 2672 827 2702 est
855 2667 1037 2702 liberatus

330 2726 363 2760 ll
391 2727 469 2770 413,
500 2727 552 2760 18.
578 2726 657 2769 598,
686 2726 738 2759 11.
767 2730 802 2760 et
831 2729 959 2759 tamen
988 2723 1035 2758 ad

330 2784 579 2826 imperatores
618 2783 890 2827 appellandum
930 2787 1038 2826 puta-

330 2842 385 2876 vit
414 2841 447 2875 ll
477 2842 555 2880 413,
581 2841 635 2875 21.
663 2841 741 2877 598.
774 2841 824 2875 14.

1123 2678 1207 2703 cum
1253 2678 1406 2703 carmen
1449 2667 1485 2701 II
1527 2668 1605 2711 590,
1644 2667 1704 2702 12.
1761 2665 1833 2710 Cy-

1123 2736 1283 2767 maeum,
1321 2726 1359 2760 id
1396 2730 1454 2760 est
1490 2724 1716 2770 Sibyllinum
1753 2734 1832 2758 car—

1123 2794 1208 2818 men
1245 2784 1293 2817 lV
1328 2783 1405 2826 609,
1442 2783 1494 2817 17.
1527 2782 1732 2827 Cymaeam
1767 2791 1831 2815 va-

1123 2845 1198 2876 tem
1236 2841 1411 2875 fortassis
1450 2839 1593 2884 aliquid
1634 2840 1679 2874 (lc
1719 2839 1831 2873 unico
