2078 3054
287 137 371 181 308

334 268 388 303 ita
423 268 524 303 enim
559 278 643 305 esse
679 278 836 304 numero
873 267 1047 313 exiguos,

334 331 376 361 ut
400 336 555 362 movere
582 336 622 362 se
649 336 724 361 non
749 326 948 371 auderent,
973 326 1046 361 etsi

334 388 521 427 cuperent
545 383 579 418 II
604 384 683 429 455,
710 385 762 419 17.
788 384 819 419 si
842 384 1046 419 universos

333 440 559 477 Donatistas
586 452 626 477 se
655 452 725 487 pro
750 441 915 477 ecclesia
941 441 1046 477 Chri-

333 499 382 534 sti
437 504 679 544 opponentes
735 510 811 535 non
866 499 1046 535 audirent

331 557 522 603 catholici,
566 562 674 593 tanto
718 558 845 593 minus
888 557 1045 603 Rogati-

332 620 411 650 stas
438 626 503 651 eos
532 616 665 652 audire
693 615 831 651 debere
861 620 973 660 putat
1000 616 1043 650 A.

331 672 365 706 II
410 673 490 719 469,
535 674 579 708 12
623 678 673 718 et,
719 674 822 720 quod
867 673 1044 709 omnibus

331 730 545 766 Donatistis
570 732 699 767 dicere
728 731 908 776 solerent,
934 735 1042 766 tanto

330 789 467 824 fortius
518 789 734 835 Rogat-istis
785 790 915 827 dicere
966 800 1042 825 non

329 846 468 883 habere
499 857 565 883 eos
598 858 753 883 causam
785 848 936 893 iustam,
968 857 1044 893 qua

328 905 634 941 communionem
673 916 779 940 suam
817 910 1043 950 separarent

329 974 350 997 a
377 963 643 999 communione
670 962 772 999 orbis
798 966 985 999 terrarum
1011 963 1045 998 II

327 1021 407 1065 470,
467 1021 499 1056 6.
526 1021 752 1057 Vincentius
814 1021 1045 1067 persuadere

327 1078 539 1113 conabatur
573 1079 675 1114 solos
709 1079 938 1114 remansisse
971 1078 1045 1114 Ro-

327 1136 502 1181 gatistas,
535 1137 600 1182 qui
631 1136 812 1172 catholici
841 1141 945 1173 recte
975 1145 1040 1181 ap-

327 1194 497 1238 pellandi
529 1200 658 1230 essent
690 1206 736 1231 ex
768 1195 1040 1230 observatione

326 1256 621 1297 praeceptorum
671 1253 840 1288 omnium
891 1252 1040 1288 divino-

327 1321 407 1345 rum
439 1315 553 1356 atque
584 1311 753 1346 omnium
782 1315 1040 1346 sacramento-

327 1378 407 1403 rum
434 1373 472 1404 et
496 1379 562 1404 eos
588 1379 671 1406 esse
698 1369 811 1414 solos,
836 1369 874 1404 in
901 1369 1039 1415 quibus

326 1426 518 1464 inveniret
560 1426 684 1472 fidem,
728 1437 813 1462 cum
855 1427 1040 1472 venisset,

325 1483 425 1520 filius
462 1484 639 1530 hominis,
677 1485 832 1531 quando
870 1495 947 1520 non
984 1485 1039 1520 in-

325 1542 476 1578 veniret
503 1542 616 1578 fidem
646 1543 683 1577 in
710 1547 825 1589 terra,
850 1543 941 1588 quia
968 1552 1038 1579 nec

326 1604 428 1635 terra
465 1604 595 1636 essent
635 1611 703 1635 nec
744 1601 782 1635 in
821 1604 934 1645 terra,
974 1600 1041 1636 sed

324 1657 511 1694 caelestes
544 1658 581 1693 in
613 1658 720 1694 caelo
752 1658 972 1694 habitarent
1002 1657 1038 1692 II

323 1715 403 1761 468,
434 1716 487 1751 12.
516 1716 594 1761 492,
625 1716 678 1751 11.
707 1715 936 1761 Rogatistae
965 1715 1038 1762 Cy-

323 1774 449 1817 priani
481 1774 714 1810 auctoritate
744 1774 1038 1810 delectabantur

324 1832 363 1866 in
397 1842 444 1867 ea
480 1832 565 1876 ipsa
600 1832 767 1876 epistula
803 1832 852 1868 ad
889 1832 1037 1869 Iubaia-

324 1900 425 1935 num,
470 1901 568 1936 quae
619 1890 657 1925 in
705 1889 882 1935 concilio,
928 1890 1036 1926 cuius

322 1948 593 1983 auctoritatem
631 1948 680 1984 ad
718 1948 1035 1993 rebaptizandum

323 2006 431 2051 sequi
469 2016 508 2041 se
547 2006 739 2051 dicebant,
777 2006 941 2042 recitata
977 2009 1036 2042 est

323 2063 357 2097 II
395 2063 474 2109 481,
513 2064 543 2099 1.
581 2064 633 2099 15.
683 2063 910 2109 Rogatistas
948 2073 1036 2099 con-

322 2124 424 2156 stare
451 2121 546 2156 dicit
571 2121 614 2157 A.
642 2132 688 2157 ex
714 2121 920 2157 Vincentio
946 2121 1035 2157 Car-

321 2179 499 2214 tennensi
529 2189 614 2214 cum
643 2189 782 2215 novem
809 2183 876 2215 aut
902 2179 1034 2215 decern

320 2237 575 2282 consortibus,
595 2237 661 2283 qui
680 2237 885 2273 Cartennis
906 2241 1035 2273 essent

321 2294 383 2329 vel
412 2295 451 2329 in
477 2294 624 2330 vicinia
649 2294 970 2331 Cartennensium
999 2294 1034 2329 II

321 2352 400 2397 465,
424 2352 480 2387 24.
505 2352 584 2397 466,
611 2352 666 2388 21.
691 2353 771 2397 467,
795 2352 855 2396 24;
882 2353 929 2394 ct.
953 2352 1033 2397 455,

324 2410 375 2445 18.
400 2410 479 2455 492,
503 2410 534 2445 9.
557 2410 637 2456 493,
660 2411 692 2445 4.
719 2420 754 2445 υ.
780 2410 1033 2455 Rogatenses.

272 2467 303 2501 R
319 2477 340 2502 0
356 2478 382 2512 g
394 2478 418 2502 a
431 2471 446 2503 t
460 2479 485 2503 u
500 2478 516 2503 s
561 2467 854 2513 Rogatistarum
900 2471 1034 2503 auctor

321 2525 355 2559 ΙΙ
388 2525 467 2570 456,
500 2526 532 2560 3.
565 2525 792 2571 Rogatistae
827 2536 851 2560 a
880 2525 1032 2571 Rogato

320 2583 616 2627 appellabantur
647 2582 683 2617 II
713 2583 792 2628 455,
824 2583 877 2618 13.
908 2582 1033 2629 Roga-

320 2644 381 2676 tus
415 2641 462 2676 de
496 2641 608 2676 rebus
643 2641 766 2684 partis
803 2650 894 2676 suae
929 2650 1033 2676 acer—

320 2698 416 2733 rima
466 2699 758 2743 perseverantia
810 2698 924 2734 etiam
980 2698 1033 2732 fo-

319 2756 422 2791 rensi
460 2756 744 2800 disceptatione
784 2756 958 2791 conflixit
997 2755 1031 2789 II

319 2814 398 2859 456,
424 2814 457 2848 3.
483 2813 712 2849 Vincentius
739 2814 781 2848 A.
809 2813 1032 2849 adulescen-

961 152 1104 191 Index
1129 152 1174 190 V.

1132 271 1209 303 tem
1259 269 1350 304 vivo
1400 270 1525 306 adhuc
1572 269 1737 316 Rogato,
1786 271 1847 306 cui

1134 327 1331 371 successit,
1397 329 1502 371 apud
1572 327 1845 374 Carthaginem

1133 389 1296 419 noverat
1328 384 1362 418 II
1395 386 1474 430 445,
1507 386 1560 421 11.
1592 386 1624 421 si
1656 386 1741 432 quis
1773 386 1845 421 Do-

1132 442 1213 476 nati
1262 442 1325 478 vel
1374 442 1527 488 Rogati,
1577 454 1654 479 non
1703 444 1845 480 Christi

1132 500 1284 535 nomine
1331 501 1550 544 baptizatus
1595 506 1709 547 esset,
1765 506 1844 537 tum

1131 568 1223 592 vero
1259 562 1361 593 esset
1398 559 1655 602 baptizandus
1694 560 1728 594 II
1765 560 1843 604 488,

1133 616 1185 650 11.
1212 616 1259 651 (16
1284 622 1394 660 parte
1420 615 1563 652 Donati
1588 627 1679 661 pars
1702 617 1844 663 Rogati

1130 673 1399 709 brevissimum
1435 674 1599 710 frustum
1636 675 1683 710 de
1721 675 1843 710 frusto

1130 731 1273 767 maiore
1304 732 1522 776 praecisum
1551 737 1610 768 est
1640 732 1674 767 II
1704 733 1783 778 470,
1814 734 1843 768 1.

1083 788 1113 823 R
1129 799 1151 823 0
1167 800 1201 824 m
1217 800 1240 824 a
1264 800 1288 824 a
1311 789 1474 825 Romulo
1501 791 1659 826 condita
1685 791 1738 825 III
1764 792 1842 836 279,

1132 847 1160 882 1.
1189 847 1288 883 duae
1315 852 1448 884 tantae
1477 849 1589 884 urbes
1618 848 1841 884 Latinarum

1128 905 1342 941 litterarum
1369 906 1548 951 artifices,
1576 906 1699 942 Roma
1726 911 1841 952 atque

1127 962 1321 1009 Carthago
1380 964 1413 998 II
1469 964 1549 1009 674,
1604 964 1637 999 6.
1693 964 1844 999 validos

1127 1021 1243 1056 etiam
1281 1026 1433 1057 vertere
1469 1021 1593 1057 Roma
1630 1026 1768 1067 potens
1806 1021 1840 1056 lI

1129 1079 1181 1124 13,
1212 1079 1256 1113 20
1285 1080 1457 1123 (Paulini
1485 1082 1668 1123 carmen).
1697 1080 1841 1115 Plotini

1127 1136 1258 1172 schola
1291 1136 1435 1173 Romae
1470 1138 1600 1173 floruit
1631 1138 1840 1183 habuitque

1127 1195 1415 1240 condiscipulos
1469 1196 1610 1230 multos
1666 1196 1841 1231 acutissi-

1127 1262 1208 1287 mos
1252 1256 1290 1288 et
1331 1253 1616 1289 sollertissimos
1659 1253 1764 1289 viros
1808 1253 1842 1288 11

1125 1310 1204 1356 697,
1232 1311 1264 1346 4.
1293 1311 1453 1346 iuvenes
1481 1316 1519 1346 et
1547 1311 1682 1347 diserti
1709 1316 1747 1348 et
1775 1321 1840 1346 no-

1126 1368 1233 1414 biles,
1287 1369 1410 1415 inquit
1447 1368 1717 1414 Hieronymus,
1767 1368 1840 1403 Ro-

1126 1437 1209 1462 mae
1252 1427 1432 1462 dicuntur
1475 1437 1559 1462 esse
1602 1438 1716 1472 quam
1758 1427 1840 1471 plu-

1125 1484 1222 1529 rimi,
1271 1485 1336 1530 qui
1382 1485 1535 1529 possint
1583 1490 1621 1520 et
1669 1486 1839 1521 audeant

1125 1552 1210 1578 cum
1239 1543 1282 1578 A.
1310 1543 1494 1588 congredi
1522 1543 1557 1577 ΙΙ
1585 1543 1663 1588 257,
1692 1544 1745 1578 14.
1774 1553 1838 1578 no-

1122 1600 1191 1645 vit,
1249 1600 1423 1646 quisquis
1480 1600 1641 1636 Romam
1699 1604 1837 1644 sponte

1123 1658 1238 1694 miser
1284 1659 1441 1703 patitur,
1493 1663 1638 1704 quanto
1685 1658 1837 1694 sudoris

1123 1716 1248 1760 pretio
1289 1720 1441 1752 constet
1482 1716 1602 1751 honor
1642 1716 1761 1751 officii
1801 1715 1836 1750 II

1124 1774 1178 1820 15,
1226 1774 1268 1809 14
1312 1775 1484 1818 (Paulini
1529 1775 1702 1817 carmen)
1749 1773 1837 1808 Dio-

1123 1842 1273 1868 scorum
1311 1833 1473 1877 putabat
1511 1833 1554 1867 A.
1591 1832 1737 1868 Romae
1774 1842 1837 1867 ex-

1122 1894 1273 1934 pertum
1308 1901 1403 1935 esse,
1438 1901 1552 1935 quam
1587 1890 1836 1936 neglegenter

1123 1948 1366 1992 haberentur,
1394 1958 1492 1994 quae
1519 1948 1653 1983 Cicero
1682 1948 1729 1983 de
1755 1947 1836 1991 phi-

1122 2005 1300 2050 losophia
1338 2006 1569 2052 scripsisset,
1606 2009 1644 2041 et
1680 2006 1729 2041 ob
1764 2005 1835 2040 hoc

1122 2074 1245 2109 neque
1285 2064 1516 2099 docerentur
1554 2074 1677 2108 neque
1714 2063 1835 2098 disce-

1122 2124 1251 2156 rentur
1279 2121 1313 2155 II
1340 2121 1419 2165 673,
1448 2121 1479 2155 2.
1506 2120 1629 2156 Roma
1656 2119 1746 2155 urbs
1773 2130 1836 2155 ve-

1121 2179 1220 2214 nalis
1257 2179 1363 2214 dIcta
1399 2182 1459 2214 est
1493 2178 1547 2212 III
1589 2178 1666 2223 142,
1704 2178 1756 2213 13.
1795 2177 1833 2212 in

1120 2237 1233 2272 deum
1263 2236 1417 2281 templis
1447 2236 1587 2271 iurabit
1614 2235 1738 2271 Roma
1765 2245 1833 2280 per

1120 2295 1275 2329 umbras
1310 2294 1481 2338 (Iuven.)
1518 2293 1533 2328 1
1570 2294 1627 2339 38,
1666 2293 1719 2329 10.
1757 2303 1834 2328 non

1120 2352 1367 2396 paucioribus
1407 2351 1571 2387 saeculis
1610 2355 1725 2397 atque
1764 2350 1833 2386 La-

1120 2409 1214 2445 tium
1247 2410 1333 2454 ipsa
1362 2409 1486 2444 Roma
1514 2409 1630 2454 longo
1663 2408 1833 2445 saeculo-

1119 2478 1201 2503 rum
1230 2471 1357 2502 tractu
1387 2467 1468 2502 sine
1499 2466 1719 2502 Christiana
1747 2465 1831 2511 lege

1121 2525 1193 2560 fuit
1232 2524 1267 2559 II
1307 2525 1387 2569 551,
1428 2525 1484 2568 133
1536 2524 1639 2559 orbis
1680 2533 1830 2569 quoque

1119 2592 1204 2618 cum
1237 2582 1322 2627 ipsa
1352 2582 1475 2617 Roma
1504 2582 1542 2616 in
1572 2581 1708 2616 ritibus
1740 2585 1832 2616 tem-

1118 2640 1268 2684 plorum
1302 2639 1420 2675 caluit
1452 2640 1532 2683 551,
1565 2639 1618 2674 17.
1638 2648 1831 2683 —procura-

1118 2701 1178 2732 tor
1211 2697 1368 2733 Italicae
1404 2707 1489 2732 cum
1524 2697 1568 2732 A.
1601 2706 1678 2732 non
1713 2696 1831 2740 scrip-

1120 2755 1243 2800 sisset,
1283 2765 1381 2800 quae
1421 2755 1460 2790 in
1497 2755 1589 2789 urbe
1627 2753 1689 2790 vel
1728 2753 1831 2789 circa

1118 2814 1247 2848 urbem
1281 2815 1518 2858 gererentur,
1549 2815 1695 2847 certum
1726 2810 1830 2856 apud

2068 2599 2078 3054 mamm-mnus——nn-ffltn—u
2071 2313 2078 2592 „numm———fflmm-
2077 2299 2078 2302 „
2076 2280 2078 2282 .
