2078 3054
906 164 1047 201 Index
1077 164 1120 200 v,
1705 152 1784 194 251

286 280 333 315 sit
361 291 405 314 cx
438 279 599 317 ludaeis.
627 279 801 315 similiter
827 289 874 314 ea
900 278 995 314 cele-

284 337 392 372 brare
422 337 598 381 voluerit,
627 340 821 381 tamquam
851 337 997 381 sopitos

285 396 432 430 cineres
454 405 594 430 eruens
615 395 686 430 erit
710 395 848 439 impius
871 394 995 438 sepul-

285 457 393 487 turae
427 452 592 487 violator
626 452 705 496 367,
742 452 799 495 183
836 452 882 493 cf.
917 452 997 496 368,

287 511 340 545 19.
364 514 498 545 vetera
519 510 614 555 legis
638 513 889 553 sacramenta,
912 520 996 544 cum

285 567 455 602 venisset
477 562 583 610 fides,
606 577 704 612 quae
728 571 814 611 post
839 570 996 602 mortem

284 629 322 660 et
359 625 674 660 resurrectionem
713 624 855 659 domini
893 634 997 659 reve-

286 682 365 717 lata
418 685 487 725 est,
541 683 748 717 amiserant
802 686 995 726 tamquam

284 740 402 774 vitam
453 739 571 775 officii
622 740 680 774 sui
730 739 762 774 II
812 739 892 781 367,
942 738 997 774 11.

284 800 547 832 remanserunt
570 801 697 832 tamen
719 797 858 832 sensim
881 800 996 841 atque

285 855 466 899 paulatim
502 855 675 890 fervente
712 854 997 899 praedicatione

282 912 429 957 grat-iae
474 912 615 948 Christi
659 922 735 947 non
779 912 996 947 necessario

283 970 461 1004 facienda
504 973 552 1014 et,
598 970 773 1014 quamvis
818 969 997 1014 gentibus

287 1027 506 1072 inponenda
571 1038 647 1062 non
714 1030 854 1071 essent,
918 1036 995 1062 non

284 1088 410 1119 tamen
442 1084 655 1120 debuerunt
685 1084 827 1119 auferri
856 1095 879 1120 a
909 1094 997 1119 con·

283 1142 484 1177 suetudine
530 1142 756 1177 Iudaeorum
803 1145 997 1187 tamquam

283 1200 513 1235 detestanda
551 1203 666 1244 atque
705 1199 924 1235 damnanda
963 1199 996 1234 II

283 1258 362 1299 364,
389 1257 561 1299 24—365,
588 1258 625 1301 63
653 1258 699 1300 ct.
726 1257 807 1300 367,
835 1258 888 1292 14.
916 1258 996 1302 371,

283 1315 315 1348 6.
339 1315 418 1359 373,
442 1314 473 1349 2.

238 1377 439 1413 Libani,
469 1377 573 1413 cedri
612 1378 661 1413 ad
699 1381 839 1413 terram
878 1377 994 1422 depo-

284 1435 380 1470 sitae
409 1438 448 1470 et
476 1435 514 1470 in
544 1446 655 1470 arcae
685 1434 869 1470 fabricam
897 1445 997 1471 com-

284 1492 421 1537 pagine
462 1492 635 1528 caritatis
675 1496 825 1528 erectae
866 1492 1013 1528 mundi*

283 1550 394 1585 huius
414 1550 552 1585 fluctus
575 1549 844 1595 inputribiliter
864 1553 1013 1591 secant!

283 1607 298 1642 I
326 1608 381 1650 98,
411 1608 440 1642 1.

235 1664 466 1700 libellus
496 1675 530 1700 v.
561 1664 779 1700 fasciculus.

236 1727 327 1762 Lib
343 1739 362 1763 c
378 1739 394 1762 r
417 1739 625 1773 paucorum
649 1731 886 1763 sacratorum
907 1739 996 1763 ocu-

282 1785 328 1820 lis
378 1785 673 1820 committendus
724 1785 930 1831 putabatur
980 1785 996 1821 1

282 1843 337 1886 43,
364 1843 417 1877 11.

236 1898 507 1944 Liberius,
552 1897 755 1945 episcopus
799 1900 995 1936 Romanus

283 1956 317 1991 ΙΙ
346 1957 423 1997 154,
451 1957 482 1991 2.

236 2013 404 2058 Libya
430 2015 596 2050 nondum
625 2014 845 2059 possidebat
871 2015 995 2050 virum

282 2071 422 2106 bonum
447 2075 489 2106 ut
512 2073 556 2106 A.
581 2072 632 2106 IV
657 2073 735 2115 519,
760 2073 802 2107 18
826 2072 993 2119 (Low).

237 2134 323 2168 Lic
340 2134 542 2178 entius,
579 2135 806 2170 Romaniani
844 2135 942 2170 filius
980 2136 995 2170 I

285 2192 360 2229 101,
387 2191 442 2230 23,
468 2192 581 2237 Alypi
608 2197 796 2236 cognatus
823 2192 855 2227 ΙΙ
883 2194 937 2235 17,
960 2193 995 2237 3,

283 2249 474 2293 ingenium
511 2250 661 2294 accepit
696 2261 851 2285 aureum
888 2250 903 2285 1
939 2251 995 2295 88,

285 2306 338 2340 19.
363 2316 448 2340 cum
473 2307 515 2341 A.
537 2317 560 2341 a
583 2307 710 2351 pueris
733 2307 866 2342 intima
889 2307 994 2342 fami-

285 2362 448 2398 liaritate
473 2364 699 2400 coniunctus
724 2368 803 2399 crat
826 2364 841 2399 I
862 2365 918 2407 94,
941 2365 994 2400 17.

284 2420 555 2455 recordabatur
581 2421 673 2462 dies,
699 2432 794 2466 quos
820 2432 905 2456 cum
931 2422 994 2457 illo

284 2476 418 2512 ltaliae
445 2478 570 2513 medio
596 2479 706 2513 duxit
735 2479 749 2513 I
776 2480 831 2521 86,
858 2480 911 2515 13.
937 2479 992 2523 91,

282 2535 315 2568 3.
343 2533 486 2570 Romae
518 2537 781 2571 remorabatur
811 2541 849 2572 et
879 2537 916 2572 in
947 2547 1012 2572 e0‹

283 2595 376 2635 erat,
404 2596 442 2627 ut
472 2592 521 2627 ad
549 2593 707 2637 negotia
719 2594 872 2637 publica
887 2604 992 2630 acce-

284 2649 390 2683 deret
419 2649 451 2683 11
483 2650 536 2689 15,
565 2651 623 2691 21·,
653 2651 698 2691 cs.
729 2651 743 2684 Ι
771 2651 827 2692 84,
857 2652 909 2685 11.
938 2652 1012 2696 85,ι

283 2706 315 2739 5.
343 2707 398 2743 87.
426 2706 480 2740 24.
509 2707 542 2741 ΙΙ
572 2708 626 2750 10,
654 2708 708 2742 19.
737 2708 790 2749 12,
817 2708 850 2743 5.
881 2709 933 2752 14,
960 2709 993 2743 5.

285 2763 339 2801 17,
370 2764 402 2797 8.
436 2764 488 2797 14.
522 2764 566 2798 Λ.
599 2764 875 2800 exhortandum
909 2776 1011 2804 eum,

282 2823 396 2864 atque
429 2820 692 2856 instruendum
725 2832 863 2867 magna
895 2823 1011 2873 solli-¹

1080 279 1249 315 citudine
1270 279 1430 315 curabat
1451 284 1490 315 et
1510 280 1669 316 Paulino
1691 292 1791 316 com-

1080 336 1284 372 mendabat
1310 337 1324 372 I
1353 338 1430 380 101,
1455 338 1510 372 25.
1536 337 1569 372 Il
1597 339 1628 381 7,
1657 339 1708 373 14.
1737 339 1791 381 10,

1081 394 1134 437 14,
1162 394 1215 433 11,
1243 395 1296 429 14.
1324 395 1405 430 eius
1432 405 1570 430 nomen
1594 396 1633 431 in
1659 395 1791 440 aliqui-

1079 451 1148 486 bus
1174 452 1252 486 suis
1278 451 1382 487 libris
1408 452 1568 487 inveniri
1594 453 1649 488 ait
1672 453 1687 487 1
1714 453 1790 487 101.

1079 509 1133 544 23.
1173 508 1367 545 Licentius
1407 510 1572 545 carmine
1611 510 1655 545 Α.
1695 510 1791 545 cele-

1078 565 1205 601 bravit
1235 566 1250 600 Ι
1280 567 1336 606 89,
1370 567 1493 607 1—95,
1524 568 1546 602 8
1577 571 1613 602 et
1643 567 1791 603 litteras

1079 623 1127 658 ad
1149 634 1233 658 eum
1256 623 1358 659 misit
1379 624 1395 659 I
1415 625 1470 663 84,
1492 625 1523 659 2.
1544 626 1600 662 85,
1624 626 1666 659 15
1687 628 1724 660 et
1747 624 1790 659 A.

1078 681 1113 716 ei
1139 681 1334 725 rescripsit
1360 692 1417 726 ep.
1447 682 1501 721 26,
1528 693 1602 726 qua
1629 682 1710 717 eius
1740 682 1791 717 in-

1077 738 1230 782 genium
1263 742 1305 773 ut
1339 739 1523 774 ecclesiae
1559 739 1791 774 conciliaret.

1078 795 1229 831 ardenti
1252 796 1379 832 studio
1401 797 1593 832 nitebatur
1615 808 1788 842 eumque,

1078 857 1130 888 ut·
1154 853 1192 888 in
1227 853 1473 899 Campaniam
1510 855 1556 889 ad
1593 855 1791 890 Paulinum

1079 911 1249 955 vaderet,
1302 911 1527 947 hortabatur
1583 912 1596 946 Ι
1651 914 1706 955 88,
1762 914 1791 947 1.

1079 971 1279 1013 utrumque
1316 974 1353 1004 et
1386 969 1535 1004 Licenti
1569 981 1721 1006 carmen
1756 974 1792 1004 ct

1079 1035 1185 1061 suam
1213 1026 1415 1071 epistulam
1441 1027 1602 1062 Paulino
1630 1027 1792 1072 legenda

1078 1084 1249 1127 permisit
1283 1084 1298 1118 I
1333 1084 1410 1127 102,
1443 1085 1476 1120 5.
1511 1095 1633 1136 neque
1668 1086 1791 1119 minus

1079 1140 1265 1176 sollicitus
1291 1145 1374 1177 erat
1397 1142 1444 1177 de
1470 1141 1643 1177 Licentio
1669 1143 1791 1178 Pauli-

1078 1209 1149 1234 nus
1179 1198 1214 1233 ΙΙ
1245 1199 1300 1243 10,
1332 1198 1386 1233 11.
1418 1199 1471 1243 12,
1504 1200 1557 1234 14.
1589 1200 1627 1235 in
1659 1210 1728 1245 ep..
1746 1200 1792 1235 32

1077 1255 1125 1290 ad
1183 1256 1461 1291 Romanianum
1519 1257 1612 1292 data
1668 1257 1791 1302 ipsum

1078 1312 1291 1349 Licentium
1313 1314 1533 1359 adloquitur
1556 1315 1589 1349 II
1614 1315 1668 1359 11,
1690 1315 1723 1350 6.
1750 1316 1791 1349 14

1077 1374 1116 1406 et
1135 1370 1249 1406 etiam
1271 1372 1437 1407 carmine
1457 1372 1505 1406 ad
1526 1372 1717 1407 Christum
1739 1373 1790 1407 in-

1078 1429 1196 1476 citare
1221 1432 1384 1464 conatur
1408 1428 1441 1464 ΙΙ
1468 1430 1521 1473 13,
1544 1431 1577 1464 4.
1604 1430 1660 1473 15;
1686 1430 1791 1465 addi-

1077 1486 1133 1520 dit
1176 1496 1295 1531 panes
1340 1486 1507 1531 quinque
1552 1487 1790 1522 Romaniano

1077 1543 1218 1588 pariter
1252 1547 1291 1579 et
1323 1544 1494 1579 Licentio
1528 1544 1561 1579 II
1596 1545 1650 1589 11,
1680 1546 1713 1581 3.
1747 1545 1789 1579 Α.

1077 1600 1159 1635 eius
1181 1601 1405 1646 magistrum
1427 1606 1545 1637 vocat
1565 1605 1603 1637 et
1624 1606 1789 1638 satorem

1011 1645 1013 1659 ¹
1078 1658 1220 1702 ingenii
1249 1657 1283 1693 Π
1315 1659 1369 1702 17,
1398 1658 1433 1702 23
1465 1659 1512 1701 ct.
1541 1659 1558 1694 1
1586 1660 1642 1703 90,
1672 1661 1705 1695 7.
1734 1660 1790 1703 92,

1080 1715 1132 1749 16.
1159 1716 1214 1758 93,
1238 1716 1270 1750 5.
1295 1715 1329 1751 ΙΙ
1356 1716 1409 1760 12,
1438 1717 1490 1751 15.
1516 1717 1572 1760 Α.,
1598 1717 1731 1762 inquit,
1759 1717 1789 1752 si

1076 1771 1300 1817 Licentium,
1329 1784 1440 1819 quem
1469 1774 1707 1810 Romaniano
1737 1775 1790 1810 di-

1074 1841 1189 1875 gnum
1209 1831 1343 1877 genuit
1361 1832 1399 1867 in
1417 1832 1567 1875 litteris,
1586 1832 1656 1868 sibi
1676 1832 1789 1877 digne

1077 1888 1193 1923 filium
1220 1889 1344 1933 pariat
1368 1889 1406 1924 in
1432 1890 1595 1934 Christo,
1621 1901 1789 1926 summus

1076 1945 1216 1981 Christi
1262 1946 1435 1992 pontifex
1481 1947 1552 1983 sibi
1598 1948 1790 1983 videbitur

1076 2003 1110 2038 ΙΙ
1136 2003 1190 2047 10,
1217 2004 1270 2039 16.

1030 2065 1355 2102 Licinianus
1380 2067 1630 2104 Licinius
1657 2079 1689 2104 v.
1717 2069 1789 2104 Va-

1076 2123 1202 2159 lerius.

1029 2181 1300 2227 ligatura:
1331 2184 1546 2218 execranda
1573 2187 1631 2218 cst
1662 2194 1788 2228 super-

1077 2239 1182 2274 stitio
1239 2239 1500 2285 ligaturarum.
1559 2241 1595 2275 in
1652 2241 1789 2286 quibus

1075 2297 1189 2331 etiam
1221 2297 1372 2333 inaures
1405 2298 1572 2333 virorum
1604 2299 1788 2343 deputan-

1077 2356 1151 2389 tur:
1185 2364 1261 2389 non
1293 2355 1341 2390 ad
1374 2355 1599 2400 placendum
1633 2357 1788 2391 homini-

1077 2410 1147 2446 bus
1170 2412 1236 2447 sed
1260 2412 1307 2447 ad
1332 2413 1574 2448 serviendum
1597 2411 1788 2448 daemoni-

1076 2467 1146 2503 bus
1175 2468 1402 2505 adhibentur
1432 2470 1588 2510 1V·582,
1617 2472 1670 2506 17.

1029 2525 1305 2562 liminaris
1339 2527 1481 2572 pagina
1512 2538 1546 2563 υ.
1579 2528 1711 2563 codex.

1010 2584 1375 2625 ·Liniatensis
1407 2600 1441 2625 v.
1472 2590 1691 2635 Purpurius.

1030 2642 1210 2689 Linus,
1259 2647 1461 2691 episcopus
1510 2647 1705 2683 Romanus
1755 2647 1786 2682 ΙΙ

1078 2703 1154 2742 153,
1183 2703 1226 2738 12
1251 2731 1260 2739 .

1029 2764 1278 2800 Litorius
1311 2767 1516 2810 episcopus
1552 2769 1588 2803 in
1623 2767 1785 2802 concilio

1075 2822 1295 2859 Milevitano
1327 2824 1451 2859 adfuit
1482 2824 1534 2859 III
1565 2825 1644 2870 663,
1677 2825 1709 2860 7.
