2078 3054
269 187 352 227 232

313 314 517 349 verborum
590 312 782 348 interdum
854 310 1028 346 ordinem

314 371 571 407 conservabat
606 370 641 405 II
675 370 755 414 316,
792 369 845 404 12.
880 368 1028 414 pericu-

313 429 437 465 losum
471 439 555 465 esse
588 429 644 464 ait
675 428 723 464 de
754 427 1028 473 magistrorum

315 487 563 524 ecclesiarum
609 486 779 522 iudicare
823 484 1028 521 sententiis

314 551 353 582 et
390 546 552 581 alterum
594 544 789 589 praeferre
825 543 937 579 alteri
974 542 1028 578 IV

314 604 393 648 242,
420 604 452 639 2.

362 661 587 707 Hieronymi
625 671 758 704 opera:
798 660 866 696 Iob
904 664 942 696 et
980 670 1027 695 ex

314 719 489 756 Hebraeo
530 723 567 755 et
609 730 656 755 ex
699 718 846 755 Graeco
893 717 1025 762 (LXX)

314 778 593 822 interpretatus
647 781 706 813 est
760 781 875 823 atque
930 777 1028 811 hanc

315 836 673 880 interpretationem
706 835 749 871 A.
779 835 945 871 mirabili
974 834 1029 870 di-

314 894 476 940 ligentia
522 894 664 930 factam
713 904 797 930 esse
845 893 1028 937 ostendit,

314 953 418 998 quod
456 963 532 988 non
571 953 671 988 idem
709 962 794 988 esse
832 952 871 987 in
909 951 976 987 illa
1012 951 1026 985 I

316 1011 394 1057 105,
431 1011 485 1046 14.
521 1010 556 1045 II
592 1011 672 1055 250,
710 1011 763 1045 10.
801 1010 1026 1055 psalterium

314 1070 362 1104 ab
414 1061 650 1114 Hieronymo
699 1068 930 1104 translatum
980 1078 1026 1103 ex

314 1126 490 1163 Hebraeo
520 1137 560 1163 se
593 1137 669 1162 non
700 1127 840 1163 habere
873 1126 1028 1171 scripsit

314 1186 358 1221 A.
388 1185 440 1220 IV
470 1186 550 1230 620,
579 1186 611 1220 6.
642 1185 782 1229 psalmi
810 1184 935 1220 XCIII
965 1195 1028 1220 ex-

314 1243 457 1287 positio
491 1243 546 1278 ΙΙΙ
578 1244 658 1288 343,
691 1243 747 1279 22.
780 1243 820 1279 in
850 1243 1028 1279 Ezechie-

313 1302 386 1338 lem
435 1302 702 1339 commentarii
748 1302 886 1347 quibus
930 1300 1029 1337 diffi-

314 1360 522 1396 cultatibus
580 1360 768 1396 retardati
827 1360 915 1404 sint,
987 1361 1029 1394 ut

314 1419 430 1455 etiam
457 1422 538 1454 tum
566 1419 616 1455 ad
643 1419 755 1455 finem
783 1418 925 1454 adduci
951 1424 1049 1474 noni

314 1477 513 1521 potuerint
549 1477 604 1511 III
643 1477 722 1522 543,
763 1477 932 1521 10-544,
973 1476 1049 1526 161

314 1535 508 1579 expositio
561 1535 665 1571 beati
716 1534 916 1570 Danihelis
980 1533 1027 1570 de

314 1593 619 1629 hebdomadibus
645 1593 698 1628 IV
723 1593 803 1639 241,
829 1593 885 1629 23.
914 1593 1029 1629 inter-

314 1651 483 1696 pretatio
512 1651 629 1688 Ionae
658 1652 694 1686 ΙΙ
721 1652 800 1697 321,
827 1652 860 1687 5.
887 1652 967 1696 322,
997 1652 1028 1687 1.

314 1710 613 1746 commentarius
649 1711 732 1745 sive
767 1710 862 1746 liber
899 1710 1029 1754 expla-

316 1768 514 1804 nationum
556 1768 593 1803 in
633 1768 765 1803 Ionam
804 1768 839 1803 II
878 1768 959 1812 322,
997 1768 1030 1803 9.

939 198 1080 232 ludex
1108 198 1152 232 V.

1113 311 1233 346 tarios
1257 316 1429 347 secutum
1454 324 1493 348 sc
1518 324 1602 348 esse
1625 313 1826 364 confessus

1114 373 1173 404 est
1211 369 1247 404 ΙΙ
1286 370 1366 414 286,
1404 371 1435 406 2.
1475 371 1554 414 287,
1594 371 1615 405 9
1653 375 1692 406 et
1728 371 1825 406 alios

1113 426 1283 463 Graecos
1316 428 1394 472 286,
1428 430 1459 464 7.
1493 433 1628 464 contra
1660 428 1826 464 Iovinia-

1114 496 1202 521 num
1238 486 1292 520 III
1327 487 1406 531 555,
1440 487 1471 521 2.
1505 487 1584 532 577,
1615 487 1648 522 2.
1682 487 1759 532 592,
1793 488 1825 522 4.

1113 544 1192 589 597,
1224 544 1276 579 13.
1303 544 1399 580 liber
1428 544 1617 580 adversus
1645 544 1825 580 Rufinum

1114 601 1168 636 III
1207 603 1286 646 567,
1324 603 1356 643 5,
1396 603 1459 638 ubi
1497 603 1824 648 elegantissimam

1115 660 1404 696 similitudinem
1468 661 1512 696 A.
1575 661 1710 696 laudat
1773 662 1826 697 15.

1115 718 1303 763 opuscula
1354 722 1488 753 contra
1543 718 1722 754 Rufinum
1778 720 1829 754 lll

1114 776 1192 821 542,
1225 776 1282 820 153
1316 776 1362 818 cf.
1396 775 1432 810 ΙΙ
1466 776 1544 820 243,
1575 777 1608 812 3.
1640 787 1738 821 opus
1772 788 1827 812 rc-

1114 834 1390 880 centissimum,
1425 835 1528 880 quod
1567 836 1636 870 sub
1674 835 1826 871 nomine

1114 892 1301 929 Critobuli
1370 893 1559 928 adversus
1628 893 1825 938 Pelagium

1114 951 1227 987 modo
1257 951 1379 987 edidit
1406 950 1461 985 III
1490 951 1568 995 700,
1595 951 1628 986 3.
1656 951 1751 987 liber
1779 952 1826 986 (le

1113 1000 1264 1053 optimo·
1295 1020 1436 1055 genere
1472 1009 1754 1054 interpretandi
1792 1010 1826 1044 II

1114 1068 1194 1111 320,
1221 1068 1254 1112 2,
1282 1078 1394 1113 quem
1420 1068 1465 1103 A.
1492 1067 1672 1112 cupiebat
1698 1068 1826 1113 legere

1114 1125 1150 1160 II
1176 1126 1254 1171 386,
1287 1126 1316 1161 1.
1346 1126 1441 1162 liber
1470 1126 1578 1161 venit
1609 1126 1646 1161 in
1677 1126 1721 1162 A.
1750 1137 1826 1161 ma-

1114 1195 1197 1229 nus,
1246 1184 1311 1230 qui
1360 1184 1612 1228 inscriptione
1661 1185 1827 1228 carebat,

1115 1243 1183 1278 sed
1222 1242 1460 1287 epitaphium
1500 1243 1690 1287 appellari
1727 1243 1828 1279 dice-

1113 1301 1237 1345 batur,
1271 1312 1385 1346 quam
1422 1301 1714 1346 inscriptionem
1751 1312 1828 1336 non

1114 1359 1322 1395 convenire
1354 1359 1398 1394 A.
1430 1360 1612 1395 censebat
1643 1359 1679 1394 II
1710 1360 1764 1405 71,
1798 1360 1827 1394 1.

1114 1418 1174 1453 cui
1225 1418 1428 1462 respondit
1477 1417 1735 1463 Hieronymus
1786 1418 1827 1452 li-

1113 1476 1222 1512 brum
1266 1476 1327 1512 vel
1371 1476 1418 1511 (le
1463 1476 1688 1511 inlustribus
1734 1476 1828 1511 viris·

1114 1535 1176 1570 vel
1210 1535 1366 1579 proprie
1400 1535 1447 1570 de
1482 1534 1735 1579 scriptoribus
1770 1545 1829 1570 ec-

1114 1593 1342 1628 clesiasticis
1397 1604 1481 1629 esse
1536 1593 1827 1638 appellandum3

1115 1651 1354 1696 epitaphium
1377 1655 1505 1686 autem
1531 1662 1571 1687 se
1596 1651 1685 1687 olim
1710 1651 1828 1696 scrip-

1115 1709 1210 1745 sisse
1255 1709 1293 1744 in
1338 1709 1570 1745 dormitione
1618 1709 1828 1753 Nepotiani

1115 1767 1333 1813 presbyteri
1363 1767 1400 1802 II
1430 1768 1509 1811 284,
1541 1768 1689 1812 3—285,
1721 1768 1753 1802 8.

314 1826 393 1871 351,
423 1826 456 1861 4.
487 1826 543 1861 ΙΙΙ
573 1827 651 1871 555,
680 1827 712 1861 6.
742 1826 825 1871 577,
851 1826 883 1861 2.
912 1836 1029 1861 evan·
1068 1824 1102 1859 H
1117 1825 1128 1860 i
1142 1836 1162 1861 e
1177 1836 1194 1860 r
1209 1836 1231 1861 o
1247 1836 1264 1861 s
1278 1835 1300 1860 ο
1315 1825 1327 1861 l
1342 1837 1366 1871 y
1381 1836 1416 1860 m
1432 1837 1456 1861 a
1498 1836 1531 1861 v.
1576 1824 1828 1860 Hierusalem.

314 1884 405 1930 gelli
428 1884 787 1930 interpretationem
810 1895 857 1920 ex
880 1883 1028 1919 Graeco
1068 1884 1101 1918 H
1116 1884 1126 1918 i
1142 1894 1161 1919 e
1177 1895 1193 1919 r
1208 1894 1230 1919 o
1246 1894 1263 1919 s
1278 1894 1300 1919 o
1314 1884 1327 1918 l
1341 1896 1366 1929 y
1381 1884 1442 1919 mi
1459 1888 1471 1919 t
1488 1895 1510 1919 a
1524 1894 1548 1918 n
1564 1894 1586 1918 u
1602 1896 1638 1919 m
1704 1884 1829 1919 conci-

314 1947 491 1986 paratam
529 1943 755 1987 comprobat
792 1942 835 1978 A.
872 1946 910 1978 et
947 1942 1030 1987 plu-

315 2001 451 2036 rimum
491 2006 623 2037 censet
662 2001 905 2046 profuturum
944 2011 1028 2037 esse

315 2059 604 2105 Hieronymum,
630 2061 662 2096 si
687 2070 771 2095 eam
797 2059 1028 2103 scripturam

315 2116 514 2162 Graecam,
590 2128 704 2163 quam
780 2117 1029 2163 septuaginta

315 2176 466 2220 operati
518 2176 605 2220 sint,
656 2175 819 2211 Latinae
871 2175 1028 2210 veritati

317 2234 529 2270 reddiderit
562 2233 598 2268 11
632 2234 709 2278 253,
746 2234 799 2269 17.
833 2233 1029 2270 nesciebat

316 2292 416 2328 enim
452 2292 550 2327 hanc
586 2292 946 2336 interpretationem
982 2292 1029 2327 de

318 2350 570 2394 Septuaginta
625 2350 767 2385 factam
821 2350 894 2385 iam
947 2359 1031 2385 esse

317 2407 469 2446 editam,
507 2408 609 2452 quod
648 2418 733 2442 curn
772 2407 1032 2454 comperisset,

317 2468 358 2500 ut
406 2465 477 2500 sibi
526 2465 754 2510 mitteretur,
802 2465 1030 2500 obsecrabat

317 2522 351 2556 ll
384 2523 463 2568 385,
497 2523 550 2558 19.
582 2523 643 2558 cui
673 2523 866 2559 desiderio
897 2522 1030 2558 Hiero-

318 2591 455 2626 nymus
486 2592 552 2616 cur
585 2591 719 2625 parere
752 2591 829 2616 non
860 2581 1030 2625 potuerit

318 2639 371 2673 llI
407 2639 485 2683 639,
519 2640 551 2674 6.
586 2639 732 2683 scripta
767 2639 806 2675 in
841 2639 1029 2683 epistulas

318 2697 485 2741 apostoli
514 2697 623 2732 Pauli
649 2697 666 2732 Ι
696 2698 774 2743 107,
802 2698 834 2732 6.
864 2698 902 2732 in
930 2707 1031 2732 com-

317 2756 516 2790 mentariis
554 2755 743 2799 epistulae
782 2756 829 2791 ad
870 2754 1030 2790 Galatas

318 2813 616 2849 imbecillitatem
677 2813 817 2848 virium
876 2823 1028 2848 suarum

321 2871 550 2907 sentientem
606 2870 784 2917 Origenis
839 2881 1028 2907 commen-

1115 1942 1207 1978 lium
1235 1942 1270 1977 II
1296 1943 1375 1987 361,
1404 1943 1458 1988 12,
1482 1953 1642 1987 regnum
1669 1941 1724 1976 III
1750 1942 1827 1977 575.

1114 2001 1146 2036 3.
1174 2001 1551 2045 Hierosolymitanae
1580 2001 1744 2036 antistes
1771 2012 1829 2036 ec-

1116 2059 1256 2095 clesiae
1279 2058 1333 2094 IV
1357 2060 1413 2103 75,
1437 2059 1469 2094 9.
1496 2069 1557 2094 res
1583 2059 1716 2103 populi
1743 2058 1828 2094 Hie-

1115 2117 1384 2162 rosolymitani
1417 2117 1596 2152 caelestis
1630 2117 1662 2151 ll
1680 2117 1757 2161 510,
1774 2117 1826 2151 27.

1069 2174 1571 2220 Hierosolymitica
1620 2178 1829 2219 praccepta

1115 2233 1168 2268 lv
1197 2233 1275 2278 519,
1308 2234 1361 2268 14.

1070 2290 1102 2325 H
1117 2291 1127 2325 i
1142 2302 1161 2326 e
1178 2302 1194 2325 r
1209 2302 1233 2326 u
1248 2302 1265 2326 s
1280 2291 1413 2327 alem
1450 2292 1497 2327 ab
1534 2291 1665 2326 Africo
1702 2291 1827 2334 posita

1115 2353 1185 2393 est,
1212 2350 1313 2385 unde
1338 2360 1476 2385 nomen
1504 2349 1647 2385 Christi
1674 2354 1731 2384 ost
1758 2348 1828 2384 ‹lif-

1116 2408 1241 2443 fusum
1292 2407 1327 2442 II
1364 2408 1442 2452 607,
1479 2407 1534 2443 21.
1582 2407 1826 2452 evangelium

1115 2466 1244 2510 coepit
1273 2467 1321 2501 ab
1351 2466 1590 2501 Hierusalem
1622 2465 1658 2500 II
1687 2466 1766 2510 466,
1796 2466 1827 2499 9.

1115 2534 1192 2559 non
1223 2524 1405 2560 debemus
1437 2523 1642 2568 ambigere,
1673 2523 1827 2568 quando

1116 2592 1253 2617 eversa
1279 2586 1337 2617 est
1364 2581 1616 2626 Hierusalem,
1642 2582 1760 2617 fuisse
1789 2583 1825 2618 in

1116 2640 1180 2675 illo
1216 2640 1359 2684 populo
1391 2639 1535 2675 electos
1568 2639 1716 2682 deiIV
1749 2639 1826 2683 269,

1116 2698 1170 2733 23.
1216 2698 1309 2733 talia
1355 2698 1457 2733 mala
1501 2698 1595 2733 ‹licit
1641 2697 1827 2741 Iosephus

1118 2756 1173 2793 illi
1217 2756 1361 2800 populo
1406 2761 1496 2790 tunc
1540 2755 1740 2799 accidisse,
1784 2758 1826 2790 ut

1116 2814 1181 2849 vix
1210 2814 1410 2849 credibilia
1436 2814 1642 2849 videantur
1670 2813 1722 2847 IV
1748 2813 1826 2853 270,

1117 2873 1170 2908 17.
1200 2871 1322 2918 signa,
1351 2882 1448 2918 quae
1475 2872 1513 2906 in
1540 2871 1743 2918 evangelio
1771 2871 1827 2906 fu-
