2078 3054
911 144 1052 180 Index
1079 144 1124 179 V.

287 260 511 296 mutandum
547 260 609 295 vel
646 258 907 304 usurpandum
943 258 1019 299 est}

289 319 340 354 lv
370 318 450 362 628,
482 318 574 353 13—
602 317 682 361 630,
716 317 770 352 10.
802 326 899 352 uxor
930 307 1020 351 etsi?

289 377 337 411 ad
378 376 616 411 indecentem
659 378 834 410 ornatum
874 361 1020 418 aliqua*

288 434 384 469 dura
415 433 640 469 condicione
672 435 844 477 cogatur,
876 433 1020 478 potest,

289 491 427 526 habere
479 491 518 525 in
567 489 731 535 superbo
782 489 887 524 cultu
937 498 1020 530 cor,

289 548 428 584 humile
458 548 510 582 lV
536 547 616 592 629,
646 548 699 582 15.
729 547 851 592 plagis
880 547 1021 607 emen-¹l

289 607 403 641 datur
428 616 535 649 uxor,
562 615 637 640 non
665 608 814 639 tantum
839 604 870 639 si
898 607 1021 655 petu-¹

290 663 430 698 lantius
474 663 606 698 iocans
652 662 718 698 sed
762 662 793 697 si
837 659 1021 708 inmodenj

291 721 411 756 ratius
454 730 520 765 per
562 720 769 755 fenestram
811 710 1021 764 aspiciens}

289 778 608 813 animadvertitur
653 776 705 812 IV
747 777 827 820 584,
873 777 926 811 19.
972 775 1021 811 si1

290 836 399 870 uxori
435 836 593 870 maritus
629 834 866 880 displicuerit
901 820 1021 876 Chri-ff

291 894 437 928 stianus
471 893 580 937 eique
612 892 854 937 proposuerit
886 895 953 926 aut
983 877 1022 952 ak

292 962 330 985 se
363 951 568 985 divortium
600 954 665 985 aut
697 960 720 984 a
750 949 912 985 Christo.
944 948 1022 991 i1102

293 1008 411 1053 eligat
475 1007 667 1043 Christum
733 1010 771 1042 et
835 993 1022 1062 dimittat!

292 1072 447 1100 uxorem
483 1065 536 1100 III
571 1066 649 1108 478,
685 1065 743 1108 233
778 1063 843 1099 ubi
877 1067 1022 1117 autem}

292 1122 484 1167 quaelibet
510 1123 547 1157 in
574 1123 627 1158 eis
654 1132 817 1167 persona
843 1121 1023 1178 infidelis}

292 1185 362 1224 est,
401 1181 432 1215 si
471 1180 631 1215 infidelis
671 1179 863 1215 consentit
902 1179 1023 1227 habi-¹

293 1244 373 1273 tare
419 1248 503 1273 cum
546 1237 629 1272 viro
673 1237 786 1281 fideli,
828 1237 887 1272 vir
929 1232 1022 1272 n0n³

295 1295 465 1330 dimittat
517 1305 685 1339 uxorem,
740 1294 911 1330 similiter
968 1298 1004 1330 et

294 1364 389 1388 uxor
413 1352 534 1388 fidelis
559 1353 682 1387 virum
707 1353 786 1396 479,
811 1353 843 1387 4.

248 1410 536 1445 [Izalensis
586 1410 720 1455 patria„
767 1410 906 1446 civitas
954 1409 1006 1445 IV

293 1469 373 1512 397,
400 1469 452 1502 17.
477 1468 556 1512 398,
583 1469 612 1503 1.
639 1478 673 1503 v.
699 1467 844 1503 Florus.
1022 1458 1023 1470 ³

248 1583 679 1618 Valentinianus
707 1583 924 1627 imperator,
951 1583 1023 1631 Ιο-ἶ

297 1641 400 1676 viani
455 1652 665 1678 successor.
720 1651 816 1685 quae
871 1644 1006 1675 contra

297 1699 517 1733 ponatis-tas
573 1698 759 1733 iussisset.
814 1701 856 1732 ut
910 1699 1024 1743 lege-1

301 1761 441 1790 rentur.
457 1756 679 1790 cohortatus
696 1760 755 1790 est
770 1756 812 1789 A.
828 1755 955 1790 11602.
970 1756 1001 1789 5.

249 1812 679 1848 Valentinianus
712 1812 910 1857 Augustus
943 1813 1010 1848 ite-

297 1882 377 1905 rum
403 1871 536 1905 consul
563 1871 613 1905 IV
639 1870 718 1914 372,
745 1871 798 1906 13.

250 1928 598 1963 Valentinum
630 1928 851 1973 episcopum
881 1928 1008 1963 catho-

300 1986 423 2026 licum,
447 1986 509 2030 qui
534 1990 623 2020 tunc
650 1986 685 2020 in
710 1987 893 2021 comitatu
917 1989 1009 2030 erat,

297 2043 523 2079 Donatistae
556 2043 852 2079 nominaverunt
884 2043 1011 2079 dicen-

298 2106 354 2135 tes
383 2111 467 2135 euin
496 2101 558 2136 illo
587 2112 625 2136 se
653 2101 750 2136 velle
778 2101 914 2144 audiri3
943 2100 1009 2136 sed

299 2158 359 2194 ille
400 2158 602 2203 episcopus
643 2169 719 2194 non
760 2158 814 2193 ita
852 2162 1011 2194 venerat

302 2221 369 2251 aut
409 2216 564 2260 aliquod
607 2216 681 2251 tale
724 2216 945 2251 mandatum
987 2227 1011 2251 a

300 2274 377 2308 suis
412 2274 600 2318 episcopis
633 2277 837 2318 acceperat
868 2274 901 2308 II
933 2274 1012 2317 416,

299 2331 353 2365 22.
385 2331 481 2365 idern
513 2331 549 2365 in
581 2331 742 2366 concilio
774 2331 943 2366 Zertensi
974 2334 1011 2366 et

301 2388 521 2423 Milevitano
572 2389 696 2424 adfuit
747 2389 800 2423 111
850 2389 928 2433 235,
979 2388 1011 2423 2.

300 2446 378 2489 663.
406 2447 441 2488 33
471 2448 517 2488 cf.
546 2447 624 2490 715,
648 2447 681 2482 3.

278 2503 584 2538 'alentinus
631 2504 839 2539 monachus
885 2514 1013 2539 mona-

302 2560 417 2595 sterio
460 2565 645 2605 praeerat,
687 2561 725 2595 in
766 2572 839 2606 quo
883 2561 1011 2597 adlato

303 2628 367 2661 per
410 2617 564 2653 fratrem
606 2618 757 2653 Florum
800 2618 844 2653 A.
885 2618 1012 2654 libello

302 2675 343 2716 (ἱ.
377 2684 408 2709 e.
443 2686 501 2720 ep.
534 2676 602 2710 194
633 2676 683 2711 ad
715 2676 876 2718 sixtum,
909 2687 1013 2722 pres-

303 2732 477 2776 byterum
549 2734 734 2769 ecclesiae
806 2733 1014 2776 Romanae,

304 2790 420 2824 me‘ssa
457 2790 509 2824 IV
543 2791 624 2835 381,
662 2791 716 2826 17.
752 2791 832 2836 382,
867 2791 904 2835 6)
940 2791 1030 2827 dis-¹

1046 2677 1327 2722 Valerius,

1710 130 1791 173 331

1084 258 1280 294 sensiones
1309 259 1406 294 inter
1434 259 1570 294 fratres
1599 263 1635 294 et
1665 259 1796 293 turbae

1085 316 1210 352 factae
1245 320 1333 351 sunt
1367 316 1417 350 lV
1450 317 1530 359 380,
1563 317 1595 351 6.
1627 317 1708 352 397.
1743 317 1796 351 16.

1084 374 1163 417 398,
1206 375 1238 409 8.
1282 373 1483 418 ignorabat
1526 375 1616 409 haec
1663 374 1796 408 Valen-

1085 432 1199 475 tinus,
1236 431 1325 466 dum
1362 431 1495 466 Florus
1533 433 1567 467 ei
1605 431 1797 466 nuntiavit

1086 489 1266 524 furtivam
1306 489 1590 524 contentionem
1630 489 1681 523 IV
1719 490 1798 531 398,

1087 547 1116 581 1.
1147 547 1179 581 9.
1211 548 1264 581 10.
1295 546 1496 591 proposuit
1523 546 1650 591 igitur,
1679 550 1722 581 ut
1751 546 1798 581 ad

1086 608 1231 649 patrem
1268 604 1457 639 Evodium
1493 604 1698 646 mitterent,
1736 603 1799 648 qui

1086 661 1131 696 de
1180 662 1242 697 illo
1291 661 1417 697 libello
1466 661 1609 706 aliquid
1659 661 1799 696 certius

1086 719 1312 755 rescriberet
1361 718 1413 753 IV
1462 719 1542 760 398,
1594 720 1646 753 14.
1698 718 1799 763 quod

1085 776 1258 821 accipere
1292 777 1481 821 patienter
1514 776 1719 811 noluerunt
1751 780 1800 819 et,

1087 839 1130 869 ut
1163 835 1208 869 A.
1243 834 1323 879 ipse
1359 834 1540 878 adiretur,
1576 834 1801 878 flagitabant

1087 886 1238 936 IV'398,
1261 893 1315 926 17.
1339 891 1426 927 inde
1448 891 1676 927 Valentinus
1699 901 1800 936 pres-

1087 949 1262 994 byterum
1306 948 1487 984 Sabinum
1529 949 1577 985 ad
1620 949 1799 984 maiorem

1086 1007 1354 1042 auctoritatem
1394 1006 1557 1051 rogavit,
1596 1007 1659 1051 qui
1697 1006 1801 1041 libel-

1087 1064 1163 1099 lum
1189 1075 1274 1099 cum
1300 1064 1453 1109 liquidis
1479 1063 1801 1109 interpretationi-

1087 1121 1156 1157 bus
1194 1121 1375 1157 fratribus
1411 1121 1519 1166 legit,
1557 1122 1622 1157 sed
1660 1123 1802 1156 frustra

1088 1180 1138 1214 IV
1172 1181 1252 1224 398,
1287 1180 1342 1215 21.
1376 1180 1539 1225 denique
1574 1180 1801 1215 Valentinus

1088 1242 1261 1282 sumptus
1298 1238 1404 1274 dedit
1441 1241 1480 1272 et
1514 1238 1676 1282 profecti
1714 1241 1802 1272 sunt

1088 1295 1316 1331 Cresconius
1353 1298 1391 1331 et
1427 1295 1532 1330 Felix
1569 1295 1620 1330 IV
1655 1296 1735 1331 399.
1771 1295 1801 1329 2.

1021 1367 1023 1370 <
1087 1354 1167 1397 380,
1206 1353 1238 1388 5.
1276 1354 1357 1397 387,
1399 1353 1452 1388 16.
1493 1353 1537 1387 A.
1577 1353 1625 1388 ad
1665 1353 1801 1387 Valen-

1088 1411 1208 1445 tinum
1249 1414 1285 1446 et
1323 1411 1459 1446 fratres
1498 1410 1604 1446 dedit
1641 1421 1698 1455 ep.
1736 1410 1802 1444 214

1089 1472 1241 1513 roga‘ns,
1265 1472 1307 1503 ut
1328 1468 1474 1512 Florus,
1497 1479 1521 1502 a
1543 1479 1617 1512 quo
1641 1479 1680 1503 se
1703 1468 1802 1503 dice-

1022 1550 1023 1554 ,
1088 1525 1181 1560 bant
1226 1536 1310 1561 esse
1356 1525 1542 1570 turbatos,
1586 1525 1636 1560 ad
1681 1526 1803 1570 ipsum

1089 1583 1303 1619 mitteretur
1330 1583 1382 1618 IV
1408 1584 1488 1626 385,
1514 1584 1548 1619 3.
1575 1584 1655 1625 398,
1686 1584 1738 1624 19,
1766 1587 1803 1617 et

1090 1641 1203 1686 paulo
1228 1644 1315 1686 post
1338 1652 1396 1686 ep.
1420 1641 1498 1685 215,
1523 1651 1599 1685 qua
1622 1645 1802 1682 extrema,

1089 1702 1130 1733 ut
1156 1698 1289 1734 Florus
1316 1699 1477 1742 veniret,
1503 1699 1639 1733 iterum
1668 1698 1803 1743 petivit

1090 1757 1141 1791 IV
1190 1757 1269 1801 396,
1319 1757 1355 1799 53
1407 1760 1605 1801 praeterea
1656 1756 1804 1791 addidit

1090 1814 1225 1849 librum
1251 1814 1299 1849 ad
1324 1825 1389 1849 eos
1417 1814 1599 1858 scriptum
1626 1815 1661 1857 (ι’.
1688 1825 1719 1848 e.
1746 1813 1803 1848 ‘de

1089 1872 1215 1917 gratia
1242 1876 1278 1907 et
1307 1872 1424 1908 libero
1453 1872 1638 1916 arbitrio‘)
1665 1876 1703 1908 et
1730 1872 1804 1907 alla

1091 1930 1243 1974 scripta,
1301 1940 1398 1975 quae
1455 1930 1503 1965 ad
1559 1930 1804 1974 Pelagianam

1091 1987 1277 2023 haeresim
1310 1987 1552 2032 pertinebant
1581 1988 1631 2022 IV
1661 1989 1742 2031 389,
1774 1989 1804 2022 7.

1091 2046 1123 2079 9.
1161 2046 1241 2089 396,
1281 2046 1333 2080 12.
1370 2046 1450 2088 397,
1489 2046 1520 2080 7.
1561 2045 1696 2090 pusilla
1735 2056 1804 2090 ep..

1091 2113 1203 2147 quam
1232 2103 1275 2138 A.
1305 2103 1454 2138 tertiam
1484 2103 1533 2139 ad
1561 2103 1804 2137 Valentinum

1092 2160 1193 2195 misit
1221 2162 1274 2200 (v.
1302 2161 1463 2206 praefat.
1489 2171 1524 2205 p.
1554 2161 1694 2202 XCIII)
1720 2171 1804 2195 cum

1093 2218 1235 2262 egisset
1257 2218 1413 2263 gratias,
1437 2218 1537 2262 quod
1563 2218 1696 2253 Florus
1720 2218 1804 2253 mis-

1093 2286 1156 2310 sus
1190 2278 1259 2319 est,
1291 2276 1426 2310 iterum
1459 2275 1623 2320 rogavit,
1656 2278 1697 2310 ut
1728 2286 1800 2310 rur—

1095 2343 1158 2368 sus
1202 2333 1426 2368 mitteretur.
1470 2343 1544 2377 qua
1586 2344 1626 2368 re
1670 2333 1804 2367 Valen-

1094 2391 1195 2425 tinus
1236 2390 1386 2425 Florum
1427 2401 1512 2425 cuni
1553 2401 1609 2434 ep.
1651 2390 1718 2425 216
1757 2390 1805 2425 ad

1093 2448 1137 2482 A.
1166 2447 1219 2483 ire
1250 2448 1360 2483 iussit
1387 2448 1440 2482 IV
1468 2447 1547 2491 402,
1577 2448 1598 2482 2
1626 2447 1736 2483 simul
1766 2458 1806 2482 sc

1094 2515 1294 2549 excusans,
1333 2505 1435 2550 quod
1474 2515 1549 2540 non
1588 2509 1702 2540 antea
1741 2515 1806 2550 per

1094 2563 1231 2598 fratres
1259 2563 1293 2598 ei
1320 2563 1536 2607 scripsisset
1564 2563 1615 2597 IV
1641 2563 1720 2604 396,
1748 2562 1805 2605 16;

1094 2620 1141 2661 cs.
1169 2621 1248 2664 384,
1277 2621 1330 2655 13.
1359 2631 1393 2655 υ.
1422 2620 1566 2655 Florus.

1395 2677 1598 2722 episcopus
1666 2677 1806 2722 Hippo-

1094 2734 1248 2779 niensis,
1304 2735 1442 2770 eximia
1494 2735 1653 2770 caritate
1707 2745 1807 2770 com-

1095 2792 1332 2837 plectebatur
1365 2793 1408 2827 A.
1441 2792 1456 2827 I
1487 2793 1543 2837 51,
1578 2793 1630 2827 16.
1662 2793 1718 2837 53,
1752 2792 1805 2826 12.
