2078 3054
278 163 363 205 238
951 171 1094 206 Index
1123 170 1167 205 V.

328 291 445 327 sterio
484 289 685 325 constituti
724 288 757 322 Il
794 288 850 331 37,
888 287 942 321 15.
978 285 1040 320 die

328 349 459 384 ieiunii
520 347 660 382 natalis
720 346 864 381 domini
926 344 1041 379 etiam

327 408 540 452 Gippitana
570 405 733 442 eeclesia
764 404 861 439 sicut
891 408 1041 438 ceterae

329 465 553 501 ieiunabant
580 464 615 498 II
641 463 720 508 5233,
746 463 778 498 3.

282 523 571 567 imagines:
602 521 790 567 imagines
820 520 881 555 vel
912 518 1043 564 imagi-

330 582 436 616 naria
463 581 546 615 visa
572 579 863 625 phantasiarum
890 577 1042 612 nomine

329 651 411 675 cum
441 639 571 674 multis
597 637 810 683 appellavit
837 635 1043 672 Nebridius

331 699 343 733 l
379 699 431 742 13,
463 698 494 733 8.
528 697 583 742 15,
614 697 646 731 6.
678 706 811 731 omnes
844 693 1043 739 imagines,

329 767 426 802 quas
469 754 696 800 phantasias
738 753 848 788 multi
889 756 1043 795 vocant,

330 815 367 849 in
395 814 470 849 tria
494 824 638 859 genera
664 811 844 848 distribui
869 814 1043 855 possunt,

329 883 491 918 quorum
527 875 586 907 est
620 881 736 905 unum
774 869 897 905 sensis
933 868 1045 904 rebus

331 931 560 975 inpressum,
589 929 752 964 alterum
784 927 943 972 putatis,
973 931 1046 961 ter-

331 989 425 1023 tium
457 987 551 1023 ratis
583 987 599 1021 I
631 987 685 1031 15,
713 986 840 1031 6—-16,
872 986 925 1020 13.
953 995 977 1020 a
1005 994 1045 1019 se

332 1047 461 1091 potius
492 1056 605 1091 quam
638 1056 661 1080 a
692 1054 807 1080 sensu
839 1042 1047 1088 phantasia

332 1105 445 1140 habet
488 1114 621 1139 omnes
664 1102 863 1148 imagines,
909 1101 963 1136 ita
1005 1104 1047 1134 ut

332 1162 601 1207 phantasticus
652 1161 803 1196 animus
854 1160 902 1194 ad
957 1159 1047 1194 ima-

331 1220 441 1265 gines
501 1230 590 1255 suas
648 1217 968 1262 contemplandas
1025 1226 1048 1250 a

333 1290 447 1314 sensu
483 1278 737 1313 admoneatur
772 1277 900 1321 potins
934 1286 1047 1321 quam

333 1337 479 1382 aliquid
522 1336 700 1371 adsumat
741 1335 893 1379 (Νοῦν.)
934 1333 949 1368 Ι
994 1333 1046 1377 12,

332 1395 387 1430 21.
423 1395 478 1430 25.
513 1394 612 1430 ratio
648 1404 725 1429 non
761 1397 891 1438 potest.
925 1391 1047 1436 reddi,

333 1453 470 1498 quibus
506 1452 633 1488 causis
670 1458 707 1487 et
742 1462 853 1497 quem
889 1451 939 1486 ad
971 1460 1048 1485 mo-

333 1512 423 1546 dum
460 1511 554 1546 flant
593 1510 792 1556 imagines,
831 1520 908 1554 qua
943 1507 1048 1544 deni-

333 1580 406 1615 que
447 1574 585 1604 natura
626 1579 693 1603 sua
734 1568 949 1603 subsistant
985 1565 1048 1602 vel

335 1628 372 1662 in
404 1638 479 1673 quo
511 1626 682 1662 subiecto
715 1626 789 1661 sint
822 1625 876 1659 111
907 1625 987 1671 515,
1016 1625 1047 1660 7.

288 1689 707 1725 immolaticias:
747 1689 779 1724 si
818 1689 903 1734 quis
942 1687 1048 1724 dubi-

333 1753 391 1784 tat
424 1749 472 1784 de
503 1748 634 1794 aliqua
664 1758 789 1783 carne.
824 1752 949 1782 utrum
983 1746 1049 1780 im-

334 1806 530 1842 molaticia
561 1806 621 1850 sit,
652 1811 689 1841 et
721 1816 797 1841 non
829 1810 887 1840 est
919 1805 1049 1840 immo-

335 1864 477 1909 laticia,
537 1865 568 1899 si
629 1875 711 1899 eam
773 1862 1049 1907 cogitationem

334 1922 512 1967 tenuerit,
549 1923 651 1968 quod
687 1921 939 1956 immolaticia
973 1931 1049 1955 non

336 1981 397 2025 sit,
431 1984 468 2018 et
502 1991 548 2016 ea
579 1985 771 2023 vescatur,
807 1990 881 2014 non
918 1979 1049 2024 utique

336 2043 472 2082 peceat
500 2038 535 2072 II
565 2038 642 2083 134,
674 2039 726 2073 17.

290 2101 679 2145 imperatores:
704 2101 806 2146 quod
826 2100 961 2135 dicunt
982 2109 1051 2144 per

338 2159 525 2205 quosdam
570 2159 823 2203 imperatores
866 2158 1049 2193 Christia-

338 2227 408 2252 nos
448 2217 568 2252 multa
608 2216 710 2251 mala
751 2216 912 2260 imperio
952 2216 1052 2251 acci-

336 2275 439 2310 disse
482 2274 668 2318 Romano,
722 2274 816 2309 haec
859 2273 1051 2318 generalis

336 2332 563 2378 conquestio
610 2332 848 2367 calumniosa
893 2336 953 2366 est
997 2331 1052 2366 III

339 2390 416 2435 142,
444 2391 480 2433 33
511 2391 557 2432 cf.
586 2391 641 2434 95,
670 2390 723 2425 17.
752 2390 907 2435 quinam
935 2390 1052 2434 impe-

338 2453 487 2483 ratores
513 2448 551 2483 in
576 2458 692 2483 causa
719 2448 928 2483 Caeciliani
956 2447 1052 2482 Con-

338 2506 498 2540 stantini
535 2506 716 2541 iudicium
751 2506 827 2541 sint
862 2506 984 2541 secuti
1018 2504 1052 2540 II

338 2564 417 2607 602,
443 2564 476 2598 5.
705 2556 709 2560 ⁴

292 2621 617 2665 imperiales
656 2622 761 2666 leges
803 2632 832 2656 Γ.
872 2622 1052 2667 Tagaste.

341 2679 555 2723 imperialia
597 2680 775 2714 instituta
820 2690 850 2715 ι’.
896 2679 1053 2714 Donati-

341 2742 423 2772 stae
456 2737 563 2781 (200).

295 2794 536 2829 inaures:
602 2795 637 2829 in
699 2794 876 2838 ligaturis
938 2794 1052 2829 etiam

343 2853 494 2887 inaures
530 2852 696 2887 virorum
737 2853 773 2887 in
814 2853 970 2887 suminis
1007 2863 1052 2887 ex

1129 302 1204 326 una
1248 296 1357 336 parte
1403 292 1586 328 auriculis
1630 300 1841 335 suspensae

1128 350 1364 394 deputantur
1399 350 1450 385 IV
1485 351 1564 396 582,
1602 351 1653 385 17.
1689 350 1842 384 inaures

1130 408 1281 453 signum
1319 408 1462 443 diaboli
1499 407 1671 453 appellat
1710 408 1754 442 A.
1792 406 1841 441 IV

1129 466 1207 510 583,
1240 467 1292 501 10.

1084 523 1424 559 incarnatio:
1484 524 1532 560 de
1576 523 1842 559 incarnatione

1131 583 1281 617 animae
1322 587 1504 627 quattuor
1545 583 1748 625 opiniones
1790 580 1841 616 Ill

1131 641 1210 684 556,
1242 642 1270 675 1.
1301 641 1378 684 573,
1410 641 1440 674 7.
1470 640 1549 684 588,
1578 641 1610 674 3.
1641 651 1707 675 cur
1738 639 1844 685 quin-

1130 703 1220 742 tam,
1251 709 1364 743 quam
1396 697 1653 743 Hieronymus
1684 707 1845 733 commc-

1132 757 1310 801 moravit,
1352 756 1395 791 A.
1438 766 1514 790 non
1557 756 1751 791 addiderit
1792 754 1842 789 Ill

1131 814 1210 859 556,
1239 814 1280 848 11

1179 867 1340 918 Antiqui
1373 871 1463 906 iusti
1499 871 1708 907 credebant
1742 870 1847 906 Chri-

1132 931 1182 966 sti
1228 929 1533 965 incarnationem
1581 929 1748 964 futuram
1796 928 1846 962 IV

1135 989 1211 1033 112,
1244 989 1296 1023 17.
1337 987 1514 1033 quaestio
1545 998 1665 1032 usque
1696 996 1847 1032 quaque

1133 1047 1277 1082 detrita
1314 1051 1373 1081 est
1408 1055 1551 1089 eorum,
1591 1046 1656 1090 qui
1695 1045 1848 1089 dispen-

1133 1105 1322 1140 sationem
1361 1103 1578 1139 dominicae
1618 1102 1848 1138 incarnatio-

1134 1163 1193 1198 nis
1227 1163 1418 1197 infamant
1452 1162 1506 1196 III
1540 1162 1596 1206 94,
1629 1162 1651 1196 6
1684 1160 1847 1205 (Mara).

1087 1221 1227 1256 Indi:
1287 1221 1390 1265 apud
1440 1219 1556 1255 Indos
1604 1219 1847 1265 evangelium

1134 1280 1209 1315 iam
1234 1279 1301 1314 diu
1327 1278 1625 1323 praedicabatur
1650 1277 1779 1322 11467,
1794 1276 1848 1311 22.

1088 1342 1294 1377 infans:
1335 1343 1373 1377 in
1411 1341 1571 1376 infantis
1607 1341 1737 1376 anima
1772 1350 1848 1374 non

1135 1401 1233 1436 ratio
1273 1400 1377 1435 nulla
1414 1405 1484 1444 est,
1523 1400 1588 1434 sed
1628 1399 1754 1434 adhuc
1792 1408 1849 1432 so-

1135 1459 1219 1503 pita
1251 1464 1309 1494 est
1341 1458 1374 1493 II
1407 1459 1486 1503 525,
1518 1458 1571 1492 16.
1602 1457 1694 1503 quid
1726 1457 1764 1492 in
1794 1466 1849 1491 re-

1136 1517 1374 1554 surrectione
1413 1521 1650 1551 mortuorum
1690 1515 1736 1551 de
1775 1514 1850 1549 illis

1139 1575 1351 1610 infantibus
1419 1574 1721 1619 intellegendum
1788 1573 1847 1609 sit.

1135 1634 1211 1679 qui,
1259 1633 1483 1678 priusquam
1530 1636 1690 1675 possent
1735 1640 1849 1676 agere

1136 1691 1197 1726 vel
1220 1692 1315 1726 bene
1339 1690 1401 1726 vel
1421 1690 1531 1734 male,
1554 1690 1636 1725 sine
1658 1689 1848 1733 baptismo

1136 1760 1296 1793 corpore
1332 1749 1438 1784 exuti
1471 1752 1560 1783 sunt
1595 1747 1648 1781 III
1682 1747 1761 1792 578,
1796 1746 1849 1780 10.

1137 1808 1305 1842 infantes
1344 1817 1420 1841 non
1455 1806 1643 1851 baptizati
1679 1816 1755 1840 non
1793 1814 1850 1839 so-

1136 1866 1212 1900 lum
1263 1876 1421 1910 regnum
1473 1864 1665 1899 caelorum
1717 1872 1847 1898 verum

1137 1924 1251 1958 etiam
1300 1923 1420 1958 vitam
1468 1926 1665 1957 aeternam
1712 1920 1850 1956 habero

1138 1992 1214 2016 non
1240 1985 1403 2025 possunt
1428 1980 1480 2014 IV
1505 1980 1560 2024 72,
1587 1980 1639 2014 13.
1665 1983 1848 2024 quantum

1138 2040 1198 2083 sit,
1232 2039 1335 2084 quod
1369 2039 1431 2074 dei
1463 2038 1590 2085 gratia
1623 2047 1691 2082 per
1725 2036 1848 2071 Iesum

1138 2097 1330 2133 Christum
1376 2100 1593 2141 praestetur
1638 2094 1850 2130 infantibus

1138 2155 1189 2189 IV
1218 2156 1274 2198 54,
1305 2156 1335 2189 4.

1091 2213 1281 2249 inferi:
1315 2223 1391 2247 non
1422 2211 1533 2247 facile
1563 2211 1703 2246 alieubi
1733 2210 1851 2253 scrip-

1137 2276 1308 2306 turarum
1342 2270 1549 2305 inferorum
1581 2279 1719 2304 nomen
1751 2268 1850 2312 posi-

1139 2334 1218 2364 tum
1245 2328 1440 2363 invenitur
1468 2327 1507 2362 in
1531 2328 1630 2362 bono
1659 2326 1709 2361 IV
1734 2326 1789 2370 86,
1814 2326 1848 2369 (ῖς

1138 2388 1185 2428 cf.
1216 2386 1268 2420 ΙΙΙ
1297 2386 1376 2430 527,
1407 2385 1459 2420 10.

1092 2449 1384 2484 infernum:
1463 2448 1659 2483 dominum
1736 2456 1849 2481 carne

1138 2507 1407 2542 mortificatum
1454 2506 1607 2541 venisse
1654 2505 1694 2541 in
1738 2504 1851 2540 infer-

1139 2576 1227 2600 num
1266 2565 1359 2599 satis
1396 2569 1549 2599 constat
1585 2563 1638 2597 III
1677 2563 1754 2607 523,
1793 2563 1848 2598 18:

1140 2623 1185 2664 cs.
1216 2623 1295 2667 527,
1324 2623 1378 2656 24.
1409 2622 1459 2655 IV
1490 2621 1546 2664 86,
1577 2622 1608 2656 8.
1637 2621 1694 2667 89,
1723 2622 1755 2655 3.
1785 2620 1849 2655 do-

1138 2681 1238 2716 lores
1275 2680 1415 2715 inferni
1451 2690 1534 2715 eum
1575 2678 1736 2714 solvisse
1773 2688 1850 2713 cre-

1138 2738 1304 2774 dendum
1353 2737 1519 2782 videtur,
1564 2737 1701 2782 quibus
1748 2739 1850 2771 tene-

1138 2797 1287 2840 bantur,
1319 2805 1414 2841 quos
1443 2799 1604 2830 noverat
1632 2794 1850 2830 liberandos

1144 2854 1190 2887 [ΙΙ
1226 2854 1304 2889 524.
1336 2854 1371 2888 5;
1406 2853 1451 2894 ‘'f-
1486 2853 1563 2896 525,
1597 2852 1652 2887 23.
1684 2852 1763 2896 527,
1795 2852 1849 2885 24.

2069 1807 2075 1859 *n—
2070 1729 2078 1785 ᾗ...
2069 1643 2076 1713 Α-.-.
2071 1611 2075 1617 ‚
