2078 3054
301 150 382 192 278

347 280 635 324 praedicatione
673 281 860 326 laudavit,
907 281 1059 316 Arrium

347 342 385 373 et
420 338 646 373 Eunomium
685 339 935 376 exclamando
973 349 1059 374 ana-

347 396 533 431 themavit
568 396 619 430 lv
653 397 730 441 535,
763 397 795 432 9.
830 397 872 432 Α.
907 397 1060 442 famam,

346 454 398 489 ait
449 454 584 490 melius
636 455 765 499 fuisse,
817 460 857 490 ut
909 465 1059 499 semper

345 513 509 556 audiret,
543 523 587 547 eo
622 513 725 557 quod
758 513 871 558 longe
907 513 1060 548 inferio-

347 581 422 605 rem
459 581 543 605 eum
578 575 761 614 expertus
796 576 909 615 esset,
945 582 1058 616 quam

348 628 419 664 sibi
461 628 527 663 illa.
568 629 751 664 iactasset
793 629 846 663 IV
885 629 964 673 538,
1005 630 1058 665 16.

346 687 424 730 556,
464 686 496 721 6.
538 686 581 721 Α.
622 686 802 722 Pascenti
841 698 980 722 nomen
1021 687 1059 722 in

346 744 425 779 suis
479 743 619 780 litteris
675 749 883 789 propterea
937 745 1060 781 noluit

346 802 471 847 scribi,
521 803 701 848 quoniam
753 803 960 848 nesciebat,
1010 814 1059 839 an

346 859 416 895 hoe
457 860 555 896 forte
596 860 782 896 noluisset
820 861 871 895 IV
910 862 989 905 554,
1027 861 1058 897 2.

346 921 385 953 et
407 921 534 953 aetate
559 921 597 954 et
622 918 809 963 dignitate
836 930 920 954 eum
945 920 1062 954 maio-

345 987 424 1011 rem
451 976 545 1011 dicit
571 976 624 1011 IV
648 977 726 1021 533,
753 977 789 1020 3;
819 977 865 1018 cf.
893 977 971 1021 537,
999 977 1057 1020 233

345 1034 578 1079 gravitatem
617 1034 700 1070 eius
737 1039 775 1070 et
813 1035 1058 1079 prudentiam

346 1097 532 1127 memorat
560 1092 612 1126 IV
636 1093 715 1136 556,
745 1093 798 1128 12.

299 1163 322 1196 p
337 1163 360 1187 a
375 1163 392 1187 s
407 1153 520 1188 cha:
544 1153 774 1189 vocabulum
797 1154 934 1199 ipsum,
956 1154 1058 1200 quod

344 1211 491 1254 pascha
535 1210 686 1256 dieitur,
745 1222 822 1247 non
870 1211 1058 1248 Graecum

345 1269 411 1304 sed
446 1269 662 1305 Hebraeum
695 1280 779 1306 esse
814 1270 961 1315 dicunt,
997 1281 1059 1306 ne-

345 1338 417 1372 que
445 1327 546 1363 enim
573 1338 596 1363 a
623 1328 803 1372 passione
832 1329 899 1363 sed
927 1329 974 1364 ab
1002 1339 1058 1372 e0,

345 1385 447 1430 quod
484 1386 670 1420 transitur
704 1397 726 1420 a
761 1391 883 1422 morte
919 1387 968 1421 ad
1004 1386 1059 1421 vi-

344 1447 434 1488 tam,
467 1442 643 1479 Hebraeo
679 1445 797 1479 verbo
832 1455 893 1480 res
928 1444 1060 1489 appel-

344 1501 425 1536 lata
454 1505 513 1537 est
544 1501 580 1536 II
611 1502 688 1546 170,
721 1502 779 1546 213
813 1503 860 1544 cf.
893 1503 971 1547 179,
1005 1502 1058 1537 16.

345 1560 550 1595 transitum
591 1561 639 1595 ab
678 1560 754 1595 ista
791 1560 875 1596 vita
913 1561 962 1596 ad
1003 1571 1059 1596 re-

345 1617 471 1663 quiem
504 1617 664 1654 alterius
694 1618 799 1654 vitae
833 1619 980 1663 pascha
1013 1618 1059 1654 si-

345 1675 504 1720 gnificat
536 1675 572 1710 II
607 1676 686 1721 205,
720 1677 777 1720 123
812 1677 858 1718 ct.
893 1677 971 1722 187,
1006 1677 1059 1712 16.

344 1738 383 1769 et
442 1744 489 1769 ex
547 1734 780 1770 auctoritate
840 1734 1059 1770 divinarum

345 1792 622 1836 scripturarum
668 1797 705 1828 et
751 1793 956 1829 universae
1002 1803 1060 1828 ec-

344 1849 483 1886 clesiae
534 1851 788 1887 consensione
837 1851 1060 1887 anniversa-

346 1908 442 1943 rium
479 1908 875 1958 paseliacelebra-tur
911 1909 947 1943 II
980 1909 1058 1954 200,

345 1966 493 2011 8—207,
510 1967 540 2001 7.
566 1967 716 2011 agimus
732 1967 888 2011 pascha,
914 1972 956 2003 ut
982 1977 1058 2002 non
1098 1963 1121 1997 P
1138 1965 1160 1988 a
1175 1959 1186 1988 Ῐ
1204 1965 1220 1988 Γ
1236 1954 1246 1988 i
1262 1965 1285 1988 a
1299 1965 1315 1988 Γ
1331 1964 1349 1989 ⁰
1365 1954 1388 1988 h
1403 1965 1443 1989 ³²
1522 1955 1623 1999 (lUOd

346 2023 480 2068 solum,
512 2025 615 2070 quod
645 2025 788 2060 factum
819 2029 888 2069 est,
917 2025 955 2060 in
985 2036 1060 2061 me-

346 2082 505 2117 moriam
551 2093 787 2127 revocemuS,
832 2083 899 2119 sed
943 2083 1059 2118 etiam

346 2144 485 2184 cetera,
514 2151 612 2185 quae
642 2141 746 2175 circa
771 2141 964 2176 Christum
995 2141 1060 2176 ad-

346 2202 548 2243 testantur,
578 2198 627 2233 ad
656 2203 984 2234 sacramentorum
1013 2199 1060 2234 si-

345 2255 632 2301 gnificationem
664 2267 740 2291 non
770 2257 993 2292 omittamus
1024 2256 1059 2291 11

348 2314 423 2358 170,
459 2314 511 2349 14.
546 2313 775 2349 Iudaeorum
807 2315 963 2359 pascha,
996 2315 1059 2350 ubi

346 2382 456 2406 ovem
472 2372 648 2407 occidere
677 2377 713 2408 et
741 2372 854 2408 edere
871 2373 1059 2417 iubentur,

346 2429 658 2465 manifestissime
717 2430 936 2473 passionem
996 2431 1061 2466 do-

346 2487 438 2522 mini
475 2487 709 2532 praefigurat
746 2488 780 2522 11
818 2489 893 2532 195,
929 2489 962 2523 6.
998 2489 1060 2523 ob-

347 2546 578 2580 servandum
615 2546 761 2590 pascha
795 2557 871 2581 non
906 2546 1060 2581 Iudaeis

348 2603 402 2638 ita
430 2607 678 2647 praeceptum
709 2608 778 2648 est,
806 2608 847 2639 ut
877 2604 1060 2640 adtende-

348 2665 433 2696 rent
457 2671 656 2697 occurrere
685 2662 885 2697 sabbatum
911 2666 949 2698 et
974 2672 1059 2697 cum

347 2729 477 2754 mense
514 2729 701 2754 novorum
736 2720 784 2755 ad
818 2720 971 2755 tertiam
1007 2720 1060 2754 lu-

348 2787 419 2812 nae
453 2776 730 2812 hebdomadem
764 2787 991 2813 concurrere
1025 2777 1061 2812 ΙΙ

350 2834 427 2879 195,
479 2835 510 2870 6.
565 2845 631 2869 cur
684 2835 923 2880 observetur,
975 2845 1059 2870 eum

975 167 1116 202 lndox
1143 167 1186 203 V.

1145 284 1287 327 pascha
1338 284 1585 329 celebramus,
1636 289 1676 320 ut
1728 285 1860 321 sabba-

1144 344 1224 376 tum
1269 346 1460 386 occurrat,
1507 343 1578 378 hoc
1625 344 1725 379 enim
1773 354 1858 388 pro-

1145 399 1268 442 prium
1300 399 1542 436 Christianae
1574 401 1773 447 religionis
1801 406 1858 437 est

1146 456 1181 491 II
1223 458 1299 502 186,
1342 458 1395 492 16.
1436 458 1482 494 de
1523 464 1698 495 veterum
1740 460 1858 504 scrip-

1145 519 1317 551 turarum
1359 519 1397 551 et
1439 517 1728 562 evangeliorum
1771 528 1858 553 con-

1147 583 1262 608 sensu
1304 573 1343 608 in
1387 573 1646 611 celebratione
1690 576 1856 620 paschae

1145 635 1184 666 et
1210 635 1456 675 pentecostes
1485 631 1520 666 II
1547 632 1625 678 200,
1653 634 1802 679 8—207,
1827 635 1858 669 7.

1097 705 1309 744 pastor:
1346 701 1392 737 de
1428 701 1539 737 bonis
1575 706 1614 737 et
1647 702 1758 737 malis
1794 712 1859 747 pa-

1146 759 1313 794 storibus
1353 759 1405 793 IV
1443 760 1521 804 344,
1558 759 1613 795 20.
1653 760 1719 795 alii
1759 764 1858 804 sunt,

1144 817 1208 862 qui
1242 821 1449 861 propterea
1479 821 1611 853 tenent
1642 818 1859 862 pastorales

1144 875 1360 920 cathedras,
1406 880 1448 911 ut
1490 875 1633 911 Christi
1678 876 1859 922 gregibus

1146 933 1362 979 consulant,
1413 933 1479 968 alii
1530 944 1635 979 vero,
1686 939 1728 969 ut
1780 935 1859 969 suis

1144 991 1353 1027 honoribus
1383 992 1661 1036 temporalibus
1692 997 1729 1028 et
1760 1003 1860 1028 com-

1143 1049 1268 1084 modis
1327 1049 1588 1085 saecularibus
1647 1051 1858 1096 gaudeant3

1145 1107 1218 1142 ista
1265 1108 1341 1142 duo
1386 1118 1529 1153 genera
1575 1113 1774 1153 pastorum
1821 1109 1859 1144 in

1146 1165 1231 1209 ipsa
1270 1166 1461 1201 catholiea
1501 1177 1658 1203 necesse
1701 1171 1760 1203 est
1798 1177 1859 1202 us-

1145 1234 1218 1269 que
1256 1224 1305 1259 ad
1345 1223 1457 1260 finem
1498 1224 1642 1260 saeculi
1681 1235 1859 1269 perseve-

1145 1285 1230 1317 rent
1258 1281 1312 1316 IV
1338 1282 1416 1327 343,
1447 1282 1500 1317 17.
1527 1282 1607 1327 344,
1634 1283 1666 1318 6.

1097 1355 1255 1394 pater
1289 1351 1384 1387 deus
1418 1362 1533 1387 verus
1569 1355 1629 1387 est
1662 1352 1859 1397 gignendo

1143 1409 1360 1454 veritatem,
1394 1420 1470 1445 non
1503 1410 1775 1454 participando
1806 1409 1859 1444 IV

1144 1467 1223 1511 551,
1260 1468 1291 1503 9.
1329 1468 1441 1503 deum
1480 1472 1629 1512 patrem
1665 1468 1703 1503 in
1741 1468 1859 1512 scrip-

1146 1526 1241 1560 turis
1283 1537 1471 1571 nusquam
1513 1526 1727 1572 ingenitum
1767 1526 1859 1571 legi-

1144 1594 1227 1618 mus
1271 1588 1309 1618 et
1352 1588 1481 1619 tamen
1525 1584 1731 1620 dicendum
1775 1594 1858 1620 esse

1145 1640 1366 1676 defenditur
1395 1641 1448 1675 IV
1476 1642 1554 1687 537,
1581 1642 1615 1686 83
1645 1642 1690 1684 cf.
1719 1642 1798 1687 535,
1826 1642 1858 1677 5.

1145 1699 1222 1744 537,
1254 1699 1306 1734 10.

1098 1768 1126 1802 P
1141 1772 1193 1803 at
1207 1779 1226 1804 e
1243 1779 1259 1803 r
1274 1780 1298 1803 n
1313 1780 1336 1804 u
1353 1779 1369 1804 s
1395 1773 1432 1805 et
1459 1768 1687 1813 Maurusius,
1714 1768 1858 1804 Celeris

1144 1826 1317 1862 homines
1348 1827 1385 1861 in
1415 1827 1572 1873 regione
1601 1826 1857 1875 Hipponiensi

1145 1883 1180 1918 II
1207 1884 1285 1928 215,
1313 1885 1368 1920 22.

1699 1957 1856 1989 censent

1145 2011 1299 2055 quidam
1342 2012 1579 2056 patriarchas
1622 2015 1659 2047 et
1701 2012 1860 2056 prophe-

1144 2073 1215 2114 tas,
1252 2079 1336 2104 cum
1375 2070 1553 2104 dominus
1591 2070 1628 2104 in
1667 2069 1856 2105 infernum

1145 2127 1326 2169 venisset,
1358 2127 1430 2162 illis
1461 2126 1656 2162 doloribus
1688 2137 1773 2162 esse
1803 2137 1860 2161 so-

1144 2185 1258 2228 lutos,
1286 2185 1329 2219 A.
1357 2196 1432 2219 non
1462 2185 1598 2229 probat
1626 2184 1679 2219 III
1706 2185 1786 2230 526,
1815 2185 1858 2219 15

1143 2242 1270 2287 -527,
1298 2243 1352 2278 23.

1100 2313 1266 2348 Paula
1308 2314 1424 2359 Alypi
1469 2319 1504 2349 et
1551 2314 1593 2349 A.
1638 2314 1766 2358 neptis
1809 2313 1856 2348 ab

1144 2370 1379 2416 Hieronymo
1425 2376 1598 2416 vocatur,
1647 2382 1742 2417 quos
1790 2380 1857 2415 per

1145 2430 1308 2464 eundem
1352 2430 1593 2473 precabatur,
1636 2435 1677 2464 ut
1718 2439 1857 2464 memo-

1146 2497 1205 2522 res
1256 2487 1375 2531 ipsius
1426 2491 1566 2524 essent.
1616 2491 1654 2522 et
1702 2486 1859 2521 multum

1145 2544 1339 2580 salutabat
1372 2544 1423 2579 IV
1457 2545 1536 2588 301,
1571 2545 1623 2579 10.
1656 2544 1772 2589 longa
1804 2543 1857 2578 in-

1145 2602 1325 2639 firmitate
1366 2602 1566 2648 languenti
1606 2602 1724 2637 multo
1765 2606 1857 2637 tein-

1145 2669 1237 2703 pore
1294 2660 1447 2695 adsedit
1505 2659 1762 2705 Hieronymus
1822 2658 1856 2693 Il

1145 2718 1223 2763 241,
1253 2718 1285 2753 5.
1317 2718 1566 2753 Eustochium
1599 2722 1637 2753 et
1668 2717 1790 2752 Paula
1820 2720 1857 2752 et

1145 2786 1285 2820 genere
1323 2785 1391 2810 suo
1431 2780 1468 2810 et
1507 2775 1550 2810 Α.
1588 2774 1856 2810 exhortatione

1826 2833 1846 2844 ,-

1146 2833 1261 2879 digne
1300 2833 1576 2878 gradiebantur
1614 2832 1669 2867 III
1707 2833 1786 2877 638,
1833 2841 1856 2867 ι.
