2078 3054
297 179 375 219 166

341 307 391 341 lv
416 307 495 351 573,
523 308 576 342 12.
603 308 776 343 Christus
801 319 886 344 cum
914 308 963 343 sit
987 319 1052 344 rex

340 369 480 410 noster,
511 370 639 401 tamen
671 376 717 401 ea
749 366 946 412 societate,
976 377 1052 412 qua

339 423 454 458 etiam
491 423 609 459 frater
643 434 726 461 esse
764 424 947 469 dignatus
982 428 1051 469 est,

339 491 450 526 reges
502 481 716 525 appellavit
768 482 909 518 milites
962 492 1051 518 suos

340 538 391 573 IV
422 539 498 583 568,
532 539 584 574 15.
615 549 692 574 non
721 539 889 584 apostoli
918 550 1051 576 omnes

339 596 531 632 Christum
567 597 753 633 videbant
790 597 844 632 ΙΙΙ
881 599 960 644 291,
999 599 1051 634 18.

338 655 417 700 305,
447 655 489 689 21
519 655 696 699 (Ambr.).
735 666 812 690 non
841 656 913 691 sibi
942 656 1052 691 vivat

340 713 500 758 quisque
530 713 597 748 sed
626 713 779 749 Christo
808 713 863 748 III
890 714 968 759 215,
998 714 1051 749 18.

339 771 377 805 in
408 770 600 806 Christum
633 772 810 807 conversi
841 772 1051 807 avertimur

339 829 387 864 ab
414 829 485 863 hoc
512 829 655 864 mundo
683 828 718 863 II
744 830 823 874 502,
850 830 872 865 3
896 829 1050 874 (Paul.).

340 890 536 922 saturatus
610 887 750 922 dicitur
821 892 1051 932 paupertate

338 944 493 989 Christi,
539 945 604 990 qui
649 945 780 981 omnia
822 946 1053 990 temporalia

339 1013 416 1038 non
445 1003 566 1038 solum
596 1007 857 1047 temperanter
885 1008 1053 1039 contem-

339 1060 396 1096 nit
432 1061 545 1105 bona,
582 1072 715 1097 verum
753 1061 869 1097 etiam
904 1062 1053 1106 patien-

341 1123 400 1154 ter
444 1119 609 1155 sustinet
653 1119 755 1154 mala
796 1119 851 1154 III
895 1120 974 1165 214,
1021 1120 1050 1155 1.

340 1176 541 1213 ecclesiam
570 1188 593 1212 a
618 1177 774 1213 domino
804 1177 956 1213 Christo
984 1188 1052 1222 per

340 1234 539 1282 apostolos
569 1235 790 1280 accepimus
820 1235 856 1270 II
888 1236 967 1281 613,
997 1236 1052 1271 20.

339 1297 461 1328 mater
510 1293 674 1329 ecclesia
722 1293 820 1329 filios
867 1304 957 1329 suos
1005 1293 1052 1329 de

340 1351 493 1387 Christo
542 1352 721 1396 concepit
769 1351 823 1386 IV
869 1352 949 1397 574,
999 1352 1053 1387 17.

340 1409 504 1445 ecclesia
542 1419 682 1454 corpus
721 1409 863 1445 Christi
901 1414 961 1446 est
998 1409 1053 1445 III

342 1467 418 1511 185,
457 1468 509 1503 19.
542 1468 620 1512 248,
656 1468 685 1502 1.
718 1467 772 1502 IV
805 1468 883 1513 246,
918 1468 972 1503 14.
1005 1467 1052 1502 al.

341 1525 506 1561 ecclesia
543 1537 660 1561 unum
699 1535 839 1570 corpus
879 1530 937 1561 est
976 1536 1054 1561 ma-

340 1594 457 1629 gnum
482 1584 596 1619 unius
621 1584 760 1628 capitis
783 1584 926 1630 magni,
950 1583 1054 1629 quod

341 1645 457 1686 caput
486 1642 568 1677 eius
599 1646 658 1679 est
684 1641 767 1686 ipse
797 1642 969 1677 salvator
998 1641 1053 1676 III

342 1700 420 1744 247,
461 1700 492 1735 8.
534 1699 698 1735 ecclesia
740 1700 930 1734 catholica
972 1699 1054 1735 sola

341 1767 481 1801 corpus
528 1762 587 1793 est
631 1757 785 1799 Christi,
835 1758 943 1792 cuius
991 1757 1074 1805 ille,

340 1820 458 1859 caput
487 1820 546 1851 est
574 1815 746 1851 salvator
776 1815 948 1860 corporis
978 1806 1075 1859 suist

341 1877 452 1909 extra
477 1874 548 1909 hoc
575 1883 715 1918 corpus
741 1874 932 1909 neminem
957 1874 1055 1909 vivi-

342 1931 431 1967 ficat
459 1932 618 1975 spiritus
647 1936 804 1966 sanctus
832 1931 884 1965 IV
911 1932 966 1973 43,
995 1932 1075 1984 2532

342 1989 388 2030 cf.
418 1990 474 2034 44,
503 1990 535 2024 4.
566 1998 705 2033 corpus
737 1989 880 2026 Christi
908 1994 966 2025 est
996 1985 1075 2025 00-1

342 2047 471 2090 clesia,
507 2057 572 2082 cor
608 2047 822 2091 scripturae
857 2047 950 2091 eius,
985 2047 1075 2081 lin-³

342 2116 419 2150 gua
447 2105 493 2149 ei,
522 2114 591 2149 per
621 2115 716 2150 quos
746 2115 855 2140 suum
885 2101 1075 2150 loquitur*

343 2162 588 2208 evangelium
617 2162 672 2197 ΙΙΙ
702 2162 780 2206 186,
811 2162 863 2197 17.
893 2162 948 2196 21.
978 2162 1076 2212 187„

342 2222 374 2256 9.
404 2220 579 2256 Christus
612 2231 659 2257 ex
691 2230 856 2265 persona
887 2222 946 2257 sui
976 2231 1057 2255 cor-

345 2279 449 2322 poris
496 2278 652 2322 saepius
697 2278 801 2322 dicit,
849 2279 951 2323 quod
998 2281 1056 2313 est

345 2336 509 2372 ecclesia
547 2335 603 2371 III
641 2336 717 2380 168,
758 2337 789 2371 7.
826 2346 960 2371 vocem
1003 2336 1056 2370 in-

345 2394 538 2429 firmitatis
579 2398 746 2438 nostrae,
787 2394 858 2428 hoc
900 2398 957 2429 est
999 2393 1077 2429 ec-!

345 2451 485 2487 clesiae
516 2462 607 2487 suae
638 2451 676 2486 in
706 2461 746 2487 se
776 2450 1057 2496 transfigurans

347 2510 424 2554 166,
465 2509 590 2545 7-23,
625 2508 693 2544 filii
731 2508 793 2544 dei
832 2508 1077 2556 congregati}

346 2567 384 2602 in
419 2578 536 2603 unum
574 2567 752 2611 spiritum
789 2571 828 2602 et
865 2566 903 2602 in
939 2577 1057 2602 unum

347 2635 498 2669 eorpuS,
539 2625 647 2661 0111115
686 2635 804 2660 unum
844 2628 962 2669 caput
1000 2628 1078 2659 est÷

347 2683 522 2718 Christus
564 2682 617 2718 IV
660 2682 736 2726 115,
780 2682 833 2717 13.
875 2678 1079 2726 corporis,l

348 2740 456 2776 cuius
485 2744 601 2784 caput
629 2744 687 2775 est
716 2740 902 2784 Christus,
930 2740 1079 2775 unitas.

348 2802 479 2833 nostro
529 2797 717 2833 sacrificio
770 2798 1080 2848 commendatur}

350 2856 402 2890 IV
449 2856 504 2901 99,
551 2857 583 2891 4.
643 2865 754 2891 nemo
802 2859 931 2900 potest
976 2849 1080 2891 esse*

967 194 1105 229 11111οΧ
1137 194 1178 229 V.

1138 308 1272 353 iustus,
1303 320 1416 355 quam
1449 311 1515 346 diu
1547 310 1660 346 fuerit
1692 312 1739 347 ab
1769 311 1850 346 uni-

1137 369 1216 402 tate
1255 368 1428 410 corporis
1466 368 1607 404 Christi
1647 373 1849 413 separatus

1138 424 1190 458 IV
1222 424 1276 468 36,
1312 425 1370 469 233
1404 426 1450 467 cs.
1484 426 1540 471 43,
1575 427 1631 462 26.
1662 426 1849 471 Christus,

1137 481 1227 518 fidei
1267 481 1588 520 clementissimus
1629 485 1850 529 imperator,

1137 550 1224 576 arce
1257 541 1501 577 auctoritatis
1534 542 1700 578 munivit
1732 543 1851 579 eccle-

1137 598 1233 634 siam
1268 603 1305 634 et
1341 598 1619 642 copiosissimis
1655 600 1850 645 apparati-

1137 657 1207 692 bus
1236 656 1398 692 rationis
1427 658 1595 694 armavit
1623 658 1658 692 II
1686 659 1766 704 696,
1795 658 1850 694 14.

1136 714 1175 749 in
1217 714 1283 750 illa
1327 715 1557 760 evangelica
1599 716 1849 751 similitudine

1136 772 1183 808 de
1215 772 1309 807 ovili
1340 773 1441 808 idem
1473 773 1556 817 ipse
1587 773 1762 809 Christus
1792 777 1850 809 est

1137 834 1174 866 et
1207 834 1341 875 pastor
1374 834 1412 867 et
1446 830 1562 866 ianua
1595 830 1650 866 III
1684 832 1762 877 536,
1797 832 1850 866 19.

1137 898 1322 932 sponsum
1360 893 1398 924 et
1436 898 1618 933 sponsam
1657 889 1850 925 Christum

1138 946 1397 992 intellegimus
1446 951 1486 983 et
1533 947 1736 983 ecclesiam
1796 946 1851 981 III

1139 1004 1215 1049 168,
1251 1004 1308 1048 143
1338 1005 1385 1046 cf.
1417 1005 1470 1040 10.
1501 1005 1581 1050 225,
1611 1005 1643 1040 6.
1675 1005 1850 1040 Christus

1137 1062 1289 1098 unicam
1319 1073 1427 1098 suam
1454 1062 1498 1097 A.
1526 1062 1680 1099 videtur
1709 1073 1850 1098 vocare

1137 1120 1290 1156 unicam
1331 1120 1534 1156 ecclesiam
1575 1120 1630 1155 ΙΙΙ
1673 1121 1750 1165 190,
1792 1121 1849 1163 103

1138 1178 1185 1219 cf.
1224 1178 1301 1223 189,
1339 1179 1369 1214 7.
1407 1178 1484 1223 191,
1521 1179 1577 1214 23.
1614 1179 1693 1223 206,
1729 1179 1761 1214 4.
1799 1177 1852 1212 IV

1137 1236 1216 1281 572,
1241 1236 1271 1272 1.
1293 1236 1435 1272 Christi
1457 1236 1602 1272 nomini
1629 1237 1703 1272 iam
1727 1240 1850 1272 totum

1137 1294 1266 1330 orbem
1301 1294 1514 1330 subiectum
1546 1305 1630 1330 esse
1664 1294 1851 1338 conspici-

1138 1363 1222 1388 mus
1254 1351 1306 1387 IV
1340 1352 1418 1397 512,
1450 1353 1482 1387 4.
1515 1353 1674 1388 verbum
1707 1352 1769 1389 dei
1801 1352 1851 1387 10-

1139 1421 1301 1456 gemque
1343 1410 1597 1454 prodeuntem
1639 1420 1707 1454 per
1746 1409 1852 1446 Chri-

1139 1471 1240 1504 stum
1292 1468 1461 1504 omnium
1512 1468 1685 1514 gentium
1738 1467 1851 1503 fidem

1139 1535 1350 1570 occupasse
1390 1530 1506 1571 atque
1541 1526 1712 1562 tenuisse
1747 1526 1853 1560 vide—

1139 1594 1223 1619 mus
1253 1583 1306 1619 IV
1335 1584 1412 1629 513,
1444 1584 1498 1619 11.
1528 1583 1703 1619 Christus
1734 1582 1853 1619 cruci-

1140 1641 1239 1678 fixus
1265 1652 1332 1687 per
1358 1646 1481 1678 totum
1507 1646 1696 1678 terrarum
1722 1642 1851 1677 orbem

1140 1700 1388 1744 praedicatur
1432 1699 1484 1735 IV
1525 1700 1604 1744 516,
1647 1700 1683 1743 4;
1739 1709 1852 1744 quern

1139 1758 1247 1803 prius
1275 1758 1485 1794 iudicatum
1513 1758 1641 1793 inrisit·
1666 1758 1853 1801 superbus

1139 1816 1243 1852 orbis
1289 1820 1490 1861 terrarum,
1536 1825 1637 1850 nunc
1688 1815 1852 1850 iudicem

1141 1874 1336 1910 subiectus
1378 1877 1560 1918 expectat
1601 1873 1654 1908 IV
1695 1873 1774 1917 517,
1816 1872 1850 1915 23

1139 1932 1187 1967 ab
1222 1931 1332 1967 initio
1367 1931 1521 1977 generis
1556 1931 1713 1967 humani
1748 1929 1853 1965 Chri-

1141 1993 1223 2025 stus
1249 1999 1319 2025 nec
1345 1989 1571 2034 prophetari
1596 1989 1744 2024 destitit
1770 1998 1852 2031 nec,

1141 2047 1205 2093 qui
1232 2047 1270 2082 in
1296 2058 1381 2083 eum
1408 2047 1620 2091 crederent,
1647 2046 1853 2081 defuerunt

1141 2105 1177 2139 II
1217 2106 1296 2150 557,
1335 2105 1483 2140 12--21.
1520 2105 1567 2140 de
1607 2103 1749 2139 Christi
1787 2113 1853 2147 po-

1141 2162 1264 2198 tentia
1301 2162 1336 2197 II
1373 2163 1451 2207 553,
1490 2162 1543 2197 16.
1580 2162 1679 2198 duae
1717 2164 1853 2207 gentes

1142 2213 1230 2256 sunt
1262 2225 1300 2256 et
1332 2221 1407 2255 duo
1441 2231 1572 2265 regna,
1604 2231 1720 2255 unum
1754 2218 1853 2254 scili-

1141 2283 1202 2314 cet
1240 2278 1382 2314 Christi
1420 2278 1582 2314 alterum
1620 2277 1763 2313 diaboli
1801 2276 1852 2310 IV

1142 2336 1220 2381 274,
1253 2336 1305 2371 16.
1337 2336 1415 2380 276,
1444 2336 1476 2370 6.
1506 2335 1685 2371 haereses
1718 2334 1853 2369 adver-

1142 2404 1206 2429 sus
1256 2403 1395 2428 nomen
1444 2393 1586 2428 Christi
1635 2393 1704 2428 sub
1751 2391 1854 2427 vela-

1142 2455 1271 2487 mento
1296 2455 1424 2486 tamen
1448 2450 1614 2486 nominis
1638 2449 1781 2485 Christi
1805 2448 1853 2484 ad

1143 2509 1397 2545 exercendam
1440 2508 1655 2543 doctrinam
1697 2510 1853 2542 sanctae

1143 2566 1351 2613 religionis,
1407 2566 1506 2601 sicut
1558 2564 1854 2610 praenuntiatae

1145 2628 1244 2669 sunt,
1275 2623 1466 2668 pullulant
1496 2623 1551 2657 III
1584 2623 1663 2668 121,
1690 2623 1722 2657 4.
1750 2621 1855 2657 Chri-

1144 2686 1243 2717 stum
1293 2692 1366 2727 quo
1414 2681 1528 2716 modo
1577 2691 1645 2716 suo
1693 2680 1854 2725 quisque

1145 2740 1258 2775 modo
1293 2742 1422 2775 cantet
1455 2739 1508 2773 IV
1541 2738 1619 2783 514,
1653 2737 1707 2772 14.
1741 2736 1855 2772 sacri-

1145 2797 1271 2833 ficium
1303 2796 1475 2840 corporis
1505 2795 1647 2832 Christi
1677 2799 1735 2831 est
1766 2794 1856 2830 fide-

1145 2855 1237 2891 lium
1276 2858 1556 2890 sacramentum
1593 2853 1647 2888 III
1683 2853 1762 2898 206,
1802 2852 1855 2888 18.
