2078 3054
317 147 345 180 X
960 146 1202 180 Praefatio.

313 262 634 316 diligentissime
667 276 867 305 excussos
899 263 940 303 in
973 276 1112 304 meum
1145 276 1263 305 usum
1298 263 1546 305 conferrem.
1580 264 1695 318 ipsas
1727 263 1837 305 enim

312 326 501 367 codicum
548 327 748 368 lectiones
794 326 961 368 adferre
1008 331 1178 368 coactus
1226 339 1341 368 eram
1387 340 1489 368 vera
1535 328 1839 382 Excerptorum

310 390 441 430 verba
471 402 521 430 ea
552 391 815 444 potissimum
848 390 1111 442 existimans,
1145 390 1187 431 in
1220 390 1372 444 quibus
1394 390 1562 432 Knoelli
1595 390 1722 432 editio
1745 403 1838 432 cum

311 453 591 495 Maurinorum
626 453 844 496 consentit.

368 515 434 557 Ad
465 516 773 558 aestimandam
805 517 1002 558 librorum
1036 530 1132 558 mss.
1166 516 1292 558 fidem
1325 517 1404 559 loci
1428 530 1594 570 quoque
1617 530 1669 559 ex
1693 517 1841 558 litteris

310 580 439 621 saeris
478 581 627 634 prolati
664 581 864 634 perutiles
903 593 995 622 esse
1034 580 1180 622 solent.
1228 594 1402 634 quarum
1436 580 1669 622 litterarum
1701 580 1841 622 varias

309 644 592 697 Augustinum
630 643 998 698 interpretationes
1029 643 1203 685 Latinas
1241 644 1409 685 novisse
1441 648 1619 696 constat,
1662 657 1755 685 cum
1788 643 1840 685 de

309 707 436 748 variis
467 721 610 748 earum
643 708 892 749 lectionibus
924 720 1017 748 eum
1050 707 1220 761 saepius
1250 707 1528 749 disserentem
1560 706 1794 748 audiamus.
1809 707 1840 761 ¹)

309 774 434 823 atque
477 771 599 812 etiarn
644 772 830 814 Graecas
871 771 1243 826 interpretationes
1283 770 1604 825 inspiciebat32)
1655 770 1841 812 habebat

308 835 420 875 enim
451 834 635 887 aliquam
669 835 838 888 linguae
871 834 1057 876 Graecae
1090 835 1325 887 scientiam,
1370 835 1563 887 quamvis
1602 834 1639 875 ei
1671 833 1840 875 deesset

310 898 418 938 iusta
451 898 710 940 exercitatio.
728 898 760 952 ³)
803 898 845 939 in
879 897 1143 953 proferendis
1174 903 1316 940 autem
1349 898 1479 940 sacris
1511 897 1662 939 litteris
1693 894 1839 938 Hiero-

309 962 426 1015 nymi
469 962 828 1016 interpretatione,
873 975 997 1014 quam
1030 962 1257 1015 Vulgatam
1299 962 1577 1016 appellamus,
1620 974 1719 1003 usus
1757 974 1840 1002 non

308 1030 382 1075 est,
418 1039 498 1078 quo
531 1028 687 1077 evcnit,
721 1030 763 1066 ut
794 1026 848 1066 ab
880 1025 950 1066 illa
983 1025 1329 1079 interpretatione
1362 1025 1610 1080 saepissime
1642 1030 1682 1066 et
1713 1024 1839 1065 inter-

307 1088 406 1129 dum
439 1089 689 1143 permultum
723 1089 989 1143 discreparet.
1026 1102 1108 1142 qua
1128 1102 1172 1130 re
1195 1102 1289 1130 cum
1312 1088 1522 1141 monachi,
1556 1088 1626 1142 qui
1649 1087 1841 1143 inprimis

306 1153 503 1206 operibus
536 1153 697 1194 Latinis
730 1151 1020 1193 describendis
1042 1157 1169 1205 atque
1191 1152 1452 1208 corrigendis
1474 1166 1646 1207 operam
1668 1151 1838 1201 dabant,

307 1216 494 1270 plerique
536 1216 578 1256 in
621 1216 804 1269 Vulgata
847 1215 1027 1258 fuissent
1070 1216 1238 1268 versati,
1287 1217 1418 1258 multa
1465 1216 1592 1258 etiam
1640 1216 1841 1258 memoria

307 1284 511 1330 tenerent,
546 1279 884 1332 frequentissime
907 1278 1140 1330 accidebat,
1165 1286 1221 1331 ut,
1245 1280 1278 1321 si
1298 1279 1397 1333 quid
1417 1280 1458 1321 in
1478 1279 1838 1334 interpretatione,

306 1356 429 1396 quam
462 1348 629 1385 secutus
662 1348 723 1384 est
755 1343 1030 1397 Augustinus,
1068 1343 1192 1384 aliter
1222 1356 1266 1385 se
1298 1343 1473 1385 liaberet
1504 1347 1633 1396 atque
1664 1343 1707 1384 in
1739 1343 1838 1384 Vul-

305 1411 418 1461 gata,
469 1407 510 1447 in
554 1406 664 1447 illius
706 1407 841 1448 locum
884 1406 994 1448 hane
1036 1406 1348 1449 substituerent.
1364 1407 1397 1460 ⁴¹)
1440 1407 1610 1460 quando
1641 1407 1768 1461 igitur
1798 1407 1840 1448 in

305 1470 394 1511 cius
427 1469 537 1511 modi
570 1470 658 1511 loeo
689 1469 798 1511 duae
830 1470 1032 1511 lectiones
1065 1470 1137 1511 tali
1171 1471 1333 1512 ratione
1365 1471 1476 1512 inter
1506 1484 1551 1512 se
1584 1476 1679 1512 sunt
1711 1484 1838 1525 oppo-

305 1533 422 1584 sitae,
456 1547 519 1585 ea,
553 1547 659 1586 quae
693 1533 877 1576 concinit
909 1547 1002 1575 eum
1026 1534 1223 1589 Vulgata,
1256 1535 1308 1576 ol)
1332 1534 1375 1575 id
1397 1534 1534 1589 ipsum
1558 1534 1838 1589 suspicionem

304 1603 551 1649 commovet,
605 1602 649 1638 ut
694 1597 870 1638 alteram
928 1597 1141 1652 praeferre
1197 1612 1280 1639 non
1328 1597 1570 1639 dubitemus
1615 1597 1743 1651 idque
1790 1611 1839 1640 co

306 1661 454 1714 magis,
497 1661 544 1712 si,
588 1660 697 1713 quod
739 1660 849 1701 haud
888 1675 981 1703 raro
1019 1661 1176 1714 evenit,
1220 1661 1326 1703 haee
1358 1662 1486 1703 etiam
1518 1662 1682 1704 Graeca
1711 1662 1838 1703 inter-

304 1725 538 1779 pretatione
571 1724 848 1766 eonfirmatur.
883 1738 981 1766 nain
1014 1739 1066 1767 ex
1099 1725 1178 1767 liae
1211 1730 1256 1767 ut
1278 1725 1473 1767 monaehi
1496 1724 1838 1779 corrigendorum

305 1787 494 1830 codicum
518 1788 762 1830 Latinorum
795 1789 1013 1830 materiam
1037 1794 1263 1843 sumerent,
1298 1803 1380 1831 non
1405 1789 1543 1831 minus
1565 1788 1722 1830 factum
1746 1802 1837 1831 esse

304 1852 528 1906 negaveris
559 1865 683 1905 quani
717 1865 769 1893 ex
803 1852 985 1907 Eugippi
1018 1853 1254 1908 Excerptis.
1290 1854 1408 1895 cuius
1439 1853 1498 1895 rei
1531 1858 1575 1894 ut
1598 1853 1837 1907 exemplum

305 1930 470 1970 ponam,
513 1915 555 1956 in
589 1916 772 1969 epistula
808 1916 887 1956 130
922 1930 959 1970 p.
984 1917 1053 1969 61,
1096 1917 1147 1957 12
1184 1917 1375 1971 plerique
1412 1917 1505 1958 libri
1538 1930 1635 1959 mss.
1658 1915 1837 1958 habent:

308 1979 411 2022 Cum
442 1980 632 2029 oraretis,
666 1993 737 2033 690
769 1979 897 2021 obtuli
928 1982 1157 2022 orationem
1188 1984 1380 2030 vestram,
1415 1981 1521 2022 sicut
1544 1980 1738 2034 Vulgata,
1770 1993 1835 2021 ce—

304 2044 401 2085 teri:
434 2043 493 2085 Et
519 2056 641 2094 mmo,
676 2044 842 2096 quando
864 2044 1020 2086 orabas
1042 2048 1088 2085 ta
1109 2048 1146 2085 et
1168 2045 1318 2093 Sarra,
1352 2058 1422 2098 eyo
1444 2043 1574 2086 obtuli
1595 2044 1836 2085 memoriam

305 2108 506 2149 orationis
539 2110 712 2159 vestrae,
745 2106 855 2160 quod
890 2111 930 2148 et
952 2107 1087 2181 ipsum
1111 2107 1394 2162 Augustinum
1412 2106 1635 2183 scripsisse
1656 2105 1840 2148 ostendit

305 2172 468 2213 Graeca
500 2171 809 2225 interpretatio:
850 2172 924 2211 Ka.
962 2178 1021 2210 νῦ)
1060 2174 1119 2211 Ξτ;
1158 2172 1318 2225 :pse-qb}
1323 2188 1350 2211 ω
1390 2188 1429 2211 συ
1466 2187 1527 2211 και
1563 2186 1585 2220 τ
1623 2173 1739 2223 νὺμεη
1773 2186 1834 2210 σευ

306 2237 401 2288 Σάέὁ
385 2251 491 2288 ‘⁴⁶27
477 2260 493 2274 c.
496 2237 551 2286 γὼ
582 2250 649 2287 “P-7
634 2250 771 2287 ’ἧγα
770 2251 819 2274 ’ΘΙ
851 2250 891 2274 T:
924 2251 1044 2285 (mrim.
1051 2251 1131 2275 <7920
1136 2251 1153 2274 Ι
1185 2241 1251 2287 τῆς
1283 2251 1350 2275 '1-..22
1356 2251 1394 2275 G·
1380 2251 1492 2287 ὫγΓ-’ἶ
1524 2238 1636 2286 ullffffil.

365 2369 392 2411 ¹)
419 2367 473 2404 (Ὗ.
494 2382 548 2415 cp.
569 2375 607 2407 71
638 2383 670 2416 p.
690 2374 767 2408 254.
798 2376 948 2410 13——142
983 2385 1039 2418 ep.
1061 2376 1125 2410 149
1152 2385 1184 2418 p.
1204 2377 1281 2410 351.
1309 2376 1345 2416 63
1378 2375 1455 2409 355.
1489 2375 1545 2415 ]6;
1579 2375 1655 2408 359.
1686 2375 1837 2418 17-21;

309 2422 386 2464 360,
413 2424 639 2467 20—361,2;
665 2426 823 2467 361,13;
850 2428 927 2469 372,
947 2428 984 2468 4:
1013 2428 1090 2462 374.
1110 2429 1148 2468 4;
1178 2429 1327 2468 10—113
1355 2428 1433 2468 375,
1456 2427 1512 2466 193
1540 2435 1595 2468 ep.
1617 2427 1681 2461 193
1706 2436 1740 2470 p.
1761 2427 1836 2462 173.

308 2476 460 2510 12—15:
488 2486 542 2519 ep.
562 2479 628 2512 265
655 2488 688 2521 p.
708 2479 785 2519 640,
813 2480 936 2513 9—14.

363 2526 390 2568 ²)
416 2528 470 2561 (fs.
496 2538 550 2571 ep.
575 2531 637 2564 261
680 2540 714 2572 p.
739 2531 816 2571 620,
849 2532 957 2571 7—9;
998 2541 1054 2574 ep.
1083 2532 1146 2567 149
1179 2542 1212 2575 p.
1237 2532 1314 2574 350,
1349 2533 1454 2572 1—5;
1493 2531 1570 2571 351,
1608 2532 1627 2564 7
1653 2532 1721 2574 -93
1759 2531 1837 2574 359,

306 2581 456 2615 10-172
495 2582 572 2615 360.
603 2583 753 2621 10—16;
792 2583 869 2623 373,
899 2584 1052 2625 17—223
1092 2584 1170 2627 374,
1197 2585 1304 2625 4—5;
1342 2593 1397 2626 cp.
1417 2583 1482 2618 197
1509 2593 1543 2626 p.
1561 2583 1639 2625 232,
1668 2584 1837 2624 16-233,

308 2633 365 2666 14:
393 2642 448 2675 cp.
467 2634 532 2667 205
560 2643 593 2676 p.
614 2635 691 2668 3:34.
719 2635 773 2669 21.
1189 2660 1196 2669 .

362 2683 390 2718 ³)
418 2683 471 2717 (¹1².
492 2694 547 2728 ep.
566 2687 632 2719 222
661 2696 695 2729 p.
714 2687 791 2729 448,
819 2687 919 2722 3—8.
1111 2688 1138 2729 ⁴)
1167 2686 1287 2721 Multa
1314 2686 1478 2732 exempla
1507 2686 1659 2731 praebet
1687 2688 1836 2731 (=p.140.
