2078 3054
219 1103 521 1137 damnatio:

214 1862 235 1895 d
251 1874 272 1896 a
288 1874 360 1897 mn
376 1874 399 1897 a
445 1865 583 1899 <amuli

898 158 1036 192 Index
1068 157 1109 191 V.
1696 142 1772 184 181

275 278 359 312 liter
413 280 451 311 et
505 274 721 310 terribiliter
777 273 982 307 daemones

272 334 443 369 confiteri
475 333 527 367 ait
560 333 602 367 A.
634 331 667 366 ΙΙ
698 331 777 370 336,
806 331 838 365 3.
870 339 982 374 quae-

270 392 375 431 ritur,
409 395 534 425 utrum
569 393 745 435 parentes
780 384 1000 431 baptizatis*

271 449 439 493 parvulis
476 448 554 481 suis
588 449 764 487 noceant,
798 456 882 480 cum
917 447 1000 478 eos*

268 506 553 540 daemoniorum
603 502 798 538 sacrificiis
847 511 981 536 sanare

270 568 457 598 conantur
488 562 519 596 11
549 562 629 596 520,
657 562 690 595 5.
720 564 822 595 reete
852 559 981 594 dicun·

270 626 329 654 tur
392 623 568 664 parentes
631 618 690 652 vel
753 617 981 662 quicumque

270 678 433 712 maiores
461 677 557 711 tilios
587 687 654 711 seu
679 675 871 720 quoslibet
895 685 979 718 par-

268 736 378 770 vulos
430 735 644 779 baptizatos
694 733 979 768 daemoniorum

269 793 478 836 sacrilegiis
503 792 672 836 obligare
698 794 882 826 conantes
908 790 997 835 spi-¹

269 850 428 885 ritaliter
477 850 688 884 homicidae
737 849 769 883 Il
817 849 897 892 523,
943 849 997 890 (ἧςἰ

267 909 313 949 cf.
343 908 423 942 524.
454 909 496 941 10
525 907 688 951 (Cypr.).

221 975 251 1009 Ι)
266 987 289 1010 a
303 987 336 1010 m
353 987 376 1010 a
391 986 407 1010 s
423 987 483 1017 us,
530 975 737 1019 episcopus

268 1033 301 1066 ΙΙ
330 1034 405 1076 154,
434 1034 464 1067 2.

783 975 979 1010 Romanus

577 1114 598 1136 a
650 1102 893 1137 damnatione
948 1103 977 1136 si

265 1170 395 1195 omnes
423 1160 684 1195 liberarentur.
714 1160 860 1203 lateret,
888 1161 977 1205 quid

266 1222 424 1261 poccato
456 1229 522 1262 per
558 1218 741 1253 iustitiam
775 1219 972 1253 debeatur:

265 1290 294 1309 si
331 1287 452 1319 nemo,
487 1276 576 1319 quid
611 1277 738 1320 gratia
771 1277 974 1320 largiretur

265 1334 314 1367 IV
352 1335 427 1370 179.
462 1336 493 1367 8.
530 1334 684 1368 vinculo
721 1334 975 1369 damnationis

264 1507 293 1540 1.
328 1507 403 1541 141,
437 1508 489 1541 11.
524 1507 601 1544 143.
635 1508 686 1541 14.
720 1508 868 1551 parvuli
899 1518 974 1541 non

262 1563 442 1608 baptizati
475 1576 498 1599 a
528 1575 645 1609 regno
677 1565 866 1600 caelorum
899 1576 974 1600 non

263 1621 314 1655 sic
349 1622 526 1657 dicantur
559 1623 685 1661 alieni,
718 1628 758 1658 ut
790 1629 916 1659 tamen
950 1635 972 1658 a

260 1679 503 1715 damnatione
562 1681 830 1717 defendantur:
887 1692 973 1716 nam

261 1737 350 1780 quid
391 1739 461 1772 nisi
502 1739 696 1773 damnatio
736 1740 972 1783 significatur

261 1805 326 1837 per
357 1795 445 1829 iram
481 1796 647 1830 domini?
677 1797 726 1830 IV
759 1798 834 1832 170.
866 1798 897 1831 2.

629 1866 738 1899 huius
783 1877 849 1901 cui·
893 1876 972 1910 per-

260 1921 385 1956 mittat
416 1933 506 1955 ceu&
541 1923 589 1955 lV
617 1923 695 1965 580,
722 1924 776 1958 20.
804 1924 969 1959 coherci-

257 1978 360 2013 tione
386 1980 585 2014 exilinrum
613 1986 726 2025 atque
742 1981 967 2016 damnorum

259 2036 362 2079 leges
413 2039 460 2071 ab
510 2038 804 2081 imperatoribus
855 2040 968 2075 datae

260 2095 420 2136 puniunt
453 2096 665 2131 haereticos
696 2096 729 2130 ΙΙ
758 2099 836 2140 454,
865 2099 894 2132 7.

212 2162 440 2198 Danihel
489 2165 537 2199 ab
583 2166 718 2210 angelo
769 2166 968 2201 hebdoma-

256 2221 390 2256 darum
435 2224 656 2266 mysterium
702 2224 870 2259 discebat
915 2226 965 2259 IV

258 2277 335 2321 250,
387 2280 420 2314 3.
474 2281 555 2315 eius
610 2281 864 2316 hebdomades
920 2283 966 2317 ad

256 2341 379 2370 utrum
429 2337 568 2371 Christi
617 2339 825 2374 adventum
873 2341 968 2375 refe-

257 2394 394 2428 rendae
424 2395 497 2428 sint
528 2395 577 2429 IV
607 2396 684 2439 231,
714 2398 883 2435 14-234,
913 2398 966 2432 23.

256 2451 333 2489 269,
375 2452 543 2493 18-262,
586 2454 636 2487 10.
676 2454 752 2491 272,
795 2455 963 2491 13-273,

254 2508 286 2541 5.
326 2509 370 2542 A.
410 2510 571 2545 maxime
612 2511 703 2546 illud
742 2512 788 2547 de
828 2512 965 2547 hebdo-

256 2565 427 2600 madibus
494 2567 690 2603 Danihelis
757 2571 964 2605 secundum

254 2627 414 2667 tempus,
462 2626 563 2668 quod
611 2626 683 2660 iam
730 2632 964 2663 transactum

254 2684 323 2721 est,
369 2681 664 2727 intellegendum
710 2685 868 2728 putabat
915 2686 961 2720 lv

254 2737 331 2781 231,
392 2740 445 2773 14.
505 2740 758 2785 Hieronymus
818 2744 963 2778 temeri-

255 2800 370 2832 tatem
425 2799 581 2833 notabat
636 2800 845 2844 cuiusdam,
897 2802 961 2846 qui

1066 281 1182 305 ausus
1232 271 1346 306 fuerit
1395 270 1589 306 Danihelis
1639 270 1777 306 hebdo-

1066 328 1197 363 madas
1218 329 1264 363 de
1285 329 1455 364 adventu
1476 328 1615 364 Christi
1636 329 1776 364 futuro.

1066 396 1141 420 non
1177 386 1223 420 de
1260 386 1465 430 praeterito
1501 396 1691 430 exponere
1726 385 1776 420 IV

1065 444 1144 480 234.
1186 444 1240 477 20.
1283 443 1538 478 hebdomades
1581 444 1776 479 Danihelis

1065 510 1140 535 non
1177 501 1223 535 ad
1261 501 1419 545 primum
1457 501 1600 536 domini
1636 501 1777 536 adven-

1065 562 1156 599 turn,
1196 558 1294 593 sicut
1334 558 1504 603 pluribus
1543 558 1667 594 visum
1707 563 1776 595 est.

1065 615 1131 650 sed
1167 616 1214 650 ad
1251 616 1458 651 secundum
1495 616 1622 661 potius
1658 616 1776 661 Hesy-

1064 673 1171 707 chius
1212 673 1453 708 existimabat
1496 674 1683 719 pertinere
1725 674 1776 708 IV

1065 730 1143 773 259,
1187 732 1242 766 18:
1287 732 1333 771 cl.
1376 732 1454 775 242,
1494 732 1524 767 8.
1567 733 1598 767 si
1639 742 1773 767 secun—

1062 788 1150 822 dum
1181 788 1320 824 Christi
1350 790 1560 824 adventum
1591 800 1775 834 praenun-

1063 846 1213 887 tia-rent,
1274 851 1366 891 quot
1426 847 1514 882 anni
1575 850 1775 883 restarent.

1062 904 1188 946 quoad
1223 904 1490 948 implerentur?
1524 905 1575 939 IV
1608 906 1687 949 260,
1722 906 1774 939 11.

1061 962 1107 995 ad
1149 965 1349 1006 utrumque
1388 962 1527 997 Christi
1565 963 1773 997 adventum

1061 1029 1126 1052 eos
1143 1019 1344 1061 pertinere,
1374 1030 1448 1055 non
1464 1020 1680 1065 defuerunt,
1707 1022 1772 1066 qui

1062 1076 1232 1111 dicerent
1258 1077 1307 1111 IV
1335 1078 1413 1119 261,
1441 1078 1493 1112 12.

1108 1144 1329 1181 Danihelem
1366 1147 1592 1183 calumniosi
1628 1149 1770 1183 inimici

1062 1203 1097 1237 in
1141 1203 1263 1238 lacum
1306 1204 1456 1239 leonum
1498 1205 1598 1240 mitti
1639 1216 1772 1250 coege-

1059 1264 1157 1299 runt,
1194 1261 1284 1295 vicit
1323 1262 1542 1297 innocentia
1577 1263 1658 1298 eius
1694 1263 1772 1298 illo-

1059 1329 1138 1352 rum
1202 1319 1395 1356 malitiam.
1457 1320 1623 1355 inlaesus
1686 1322 1771 1356 inde

264 1402 372 1426 nemo
413 1391 593 1426 liberatur
631 1392 702 1426 nisi
741 1382 992 1427 renascendo?
1057 1375 1209 1410 levatus
1237 1382 1304 1414 est·
1335 1377 1512 1420 il'SiiHuc
1527 1378 1769 1423 miSSipesie·

265 1460 328 1493 per
355 1449 545 1483 Christum
575 1450 625 1483 IV
655 1450 730 1484 140.
762 1451 793 1484 1:
822 1452 867 1491 cl.
898 1450 992 1485 108.ἰ

1059 1434 1211 1468 runtrII
1241 1435 1319 1478 412,
1352 1436 1383 1474 1·,
1416 1436 1461 1476 cf.
1493 1436 1570 1479 464,
1604 1437 1655 1471 16.
1686 1442 1766 1472 erat

1056 1491 1183 1536 aliqua
1219 1503 1337 1527 causa
1371 1504 1495 1538 eaque
1528 1504 1604 1529 non
1640 1505 1770 1539 parva,

1055 1553 1097 1583 ut.
1137 1550 1231 1584 deus
1273 1551 1494 1587 Danihelem
1534 1563 1556 1587 a
1597 1552 1769 1587 leonibus

1059 1607 1234 1642 liberaret
1259 1608 1310 1641 111
1338 1610 1412 1653 178,
1439 1610 1493 1644 24.
1516 1615 1593 1645 tres
1617 1611 1670 1645 illi
1693 1611 1766 1645 viri

1057 1665 1104 1699 ab
1128 1665 1277 1710 ignibus
1303 1671 1342 1701 et
1365 1667 1524 1703 Danihel
1549 1679 1571 1702 a
1595 1668 1768 1703 leonibus

1059 1722 1239 1757 liberatus
1295 1728 1363 1760 est.
1420 1729 1460 1759 ut
1515 1736 1580 1761 eos
1635 1736 1767 1762 verum

1055 1781 1166 1815 deum
1201 1781 1324 1817 colere
1360 1783 1558 1818 crederent
1591 1795 1712 1829 regeS‚
1746 1795 1768 1819 a

1056 1839 1192 1882 quibus
1233 1840 1269 1873 in
1310 1840 1374 1874 illa
1411 1841 1602 1884 supplicia
1640 1842 1765 1878 trade-

1055 1896 1192 1930 bantur
1227 1897 1258 1930 ΙΙ
1293 1898 1370 1941 651,
1405 1899 1457 1933 12.
1493 1898 1654 1935 Danihel
1687 1911 1762 1936 non

1054 1964 1181 1988 coram
1209 1955 1421 1990 hominibus
1448 1957 1513 1991 sed
1540 1967 1668 1992 coram
1694 1959 1765 1993 deo

1055 2020 1129 2045 non
1163 2012 1282 2046 solum
1300 2018 1459 2055 peccata
1475 2015 1607 2058 populi
1623 2016 1680 2050 sui
1697 2017 1762 2051 sed

1053 2072 1167 2107 etiam
1205 2084 1275 2107 sua
1307 2074 1560 2109 confitebatur
1597 2075 1650 2110 III
1683 2077 1762 2116 450,

1055 2132 1110 2167 11:
1138 2133 1184 2172 cf.
1214 2133 1245 2166 ΙΙ
1274 2135 1351 2172 647,
1380 2135 1433 2169 21.
1463 2136 1499 2169 in
1527 2135 1620 2179 Noe,
1647 2135 1761 2171 Dani-

1053 2193 1123 2236 hel,
1150 2194 1215 2228 lob
1236 2195 1406 2230 ostendit
1431 2196 1525 2232 deus
1549 2201 1627 2231 tres
1651 2208 1760 2242 quas-

1051 2254 1137 2289 dam
1166 2254 1306 2290 formas
1333 2251 1518 2291 iustorum
1547 2257 1579 2291 ΙΙ
1603 2259 1681 2300 647,
1708 2258 1760 2292 18.

1005 2323 1285 2358 Dardanus
1349 2326 1385 2359 in
1447 2326 1557 2360 huius
1621 2327 1761 2361 saeculi

1049 2383 1234 2427 dignitate
1311 2385 1492 2428 inlustris,
1567 2386 1761 2421 inlustrior

1048 2442 1161 2477 etiam
1194 2444 1230 2477 in
1261 2445 1420 2480 caritate
1452 2445 1591 2480 Christi
1623 2446 1760 2489 lV'sl,

1048 2503 1080 2537 3.
1113 2503 1168 2546 82,
1201 2504 1254 2538 10.
1290 2505 1343 2539 13.
1377 2505 1558 2550 religione
1591 2510 1627 2541 et
1658 2505 1760 2541 beni-

1049 2562 1218 2598 volentia
1270 2564 1312 2598 A.
1366 2566 1665 2610 praeoccupavit
1716 2571 1756 2600 ut

1048 2622 1265 2658 carissimus
1308 2625 1451 2659 amicus
1493 2625 1544 2660 IV
1586 2626 1662 2669 118,
1703 2626 1757 2660 22.

1047 2682 1092 2716 ad
1123 2683 1366 2726 quaestiones
1395 2684 1442 2718 ab
1469 2695 1513 2719 eo
1542 2686 1757 2729 propositas

1049 2742 1089 2776 A.
1141 2744 1339 2786 respondit
1390 2744 1484 2779 libro
1537 2745 1593 2780 ‘de
1647 2756 1753 2790 prae·

1047 2802 1169 2837 sentia
1197 2803 1269 2838 dei·
1301 2803 1382 2838 sive
1410 2814 1467 2848 ep.
1499 2805 1574 2839 187.
