<?xml version="1.0" encoding="UTF-8"?>
<!DOCTYPE html PUBLIC "-//W3C//DTD XHTML 1.0 Transitional//EN"
    "http://www.w3.org/TR/xhtml1/DTD/xhtml1-transitional.dtd">
<html xmlns="http://www.w3.org/1999/xhtml" xml:lang="en" lang="en">
 <head>
  <title>
</title>
<meta http-equiv="Content-Type" content="text/html;charset=utf-8" />
  <meta name='ocr-system' content='tesseract 3.04.00' />
  <meta name='ocr-capabilities' content='ocr_page ocr_carea ocr_par ocr_line ocrx_word'/>
</head>
<body>
  <div class='ocr_page' id='page_1' title='image "./corpusscriptorum58auguuoft_0121.png"; bbox 0 0 2078 3054; ppageno 0'>
   <div class='ocr_carea' id='block_1_1' title="bbox 854 112 1739 158">
    <p class='ocr_par' dir='ltr' id='par_1_1' title="bbox 854 112 1739 158">
     <span class='ocr_line' id='line_1_1' title="bbox 854 112 1739 158; baseline -0.005 -1"><span class='ocrx_word' id='word_1_1' title='bbox 854 123 992 158; x_wconf 86' lang='lat' dir='ltr'>Index</span> <span class='ocrx_word' id='word_1_2' title='bbox 1020 123 1096 158; x_wconf 94' lang='lat'>111.</span> <span class='ocrx_word' id='word_1_3' title='bbox 1687 112 1739 154; x_wconf 84' lang='lat'>15</span> 
     </span>
    </p>
   </div>
   <div class='ocr_carea' id='block_1_2' title="bbox 205 240 1739 2522">
    <p class='ocr_par' dir='ltr' id='par_1_2' title="bbox 220 240 1739 344">
     <span class='ocr_line' id='line_1_2' title="bbox 220 240 1739 285; baseline 0.001 -11"><span class='ocrx_word' id='word_1_4' title='bbox 220 244 334 274; x_wconf 88' lang='lat' dir='ltr'>antur</span> <span class='ocrx_word' id='word_1_5' title='bbox 355 244 394 275; x_wconf 88' lang='lat' dir='ltr'>et</span> <span class='ocrx_word' id='word_1_6' title='bbox 414 240 654 285; x_wconf 85' lang='lat' dir='ltr'>Augustinus</span> <span class='ocrx_word' id='word_1_7' title='bbox 676 250 712 285; x_wconf 88' lang='lat' dir='ltr'>p.</span> <span class='ocrx_word' id='word_1_8' title='bbox 734 241 789 285; x_wconf 75' lang='lat'>26,</span> <span class='ocrx_word' id='word_1_9' title='bbox 813 241 855 275; x_wconf 78' lang='lat'>21</span> <span class='ocrx_word' id='word_1_10' title='bbox 881 241 1130 285; x_wconf 83' lang='lat' dir='ltr'>episcopatus</span> <span class='ocrx_word' id='word_1_11' title='bbox 1150 251 1190 277; x_wconf 86' lang='lat' dir='ltr'>se</span> <span class='ocrx_word' id='word_1_12' title='bbox 1211 241 1382 285; x_wconf 87' lang='lat' dir='ltr'>appellet</span> <span class='ocrx_word' id='word_1_13' title='bbox 1401 242 1576 285; x_wconf 86' lang='lat' dir='ltr'>tironem,</span> <span class='ocrx_word' id='word_1_14' title='bbox 1598 244 1739 276; x_wconf 84' lang='lat' dir='ltr'>utram-</span> 
     </span>
     <span class='ocr_line' id='line_1_3' title="bbox 220 299 1482 344; baseline 0.002 -11"><span class='ocrx_word' id='word_1_15' title='bbox 220 310 292 343; x_wconf 83' lang='lat' dir='ltr'>que</span> <span class='ocrx_word' id='word_1_16' title='bbox 320 299 453 342; x_wconf 85' lang='lat' dir='ltr'>primis</span> <span class='ocrx_word' id='word_1_17' title='bbox 477 299 726 343; x_wconf 76' lang='lat' dir='ltr'>episcopatus</span> <span class='ocrx_word' id='word_1_18' title='bbox 751 300 863 334; x_wconf 88' lang='lat' dir='ltr'>annis</span> <span class='ocrx_word' id='word_1_19' title='bbox 889 310 972 334; x_wconf 90' lang='lat' dir='ltr'>esse</span> <span class='ocrx_word' id='word_1_20' title='bbox 999 299 1282 335; x_wconf 83' lang='lat' dir='ltr'>attribuendam</span> <span class='ocrx_word' id='word_1_21' title='bbox 1308 304 1482 344; x_wconf 85' lang='lat' dir='ltr'>apparet.</span> 
     </span>
    </p>

    <p class='ocr_par' dir='ltr' id='par_1_3' title="bbox 217 350 1737 522">
     <span class='ocr_line' id='line_1_4' title="bbox 335 350 1736 403; baseline 0.001 -11"><span class='ocrx_word' id='word_1_22' title='bbox 335 358 549 402; x_wconf 72' lang='lat' dir='ltr'>Epistulam</span> <span class='ocrx_word' id='word_1_23' title='bbox 578 360 622 394; x_wconf 86' lang='lat'>37</span> <span class='ocrx_word' id='word_1_24' title='bbox 651 358 805 401; x_wconf 85' lang='lat' dir='ltr'>scripsit</span> <span class='ocrx_word' id='word_1_25' title='bbox 834 359 1085 403; x_wconf 69' lang='lat' dir='ltr'>Augustinus,</span> <span class='ocrx_word' id='word_1_26' title='bbox 1112 370 1195 393; x_wconf 76' lang='lat' dir='ltr'>cum</span> <span class='ocrx_word' id='word_1_27' title='bbox 1224 359 1341 394; x_wconf 90' lang='lat' dir='ltr'>libros</span> <span class='ocrx_word' id='word_1_28' title='bbox 1367 350 1464 395; x_wconf 77' lang='lat' dir='ltr'>duos</span> <span class='ocrx_word' id='word_1_29' title='bbox 1494 359 1542 394; x_wconf 87' lang='lat' dir='ltr'>de</span> <span class='ocrx_word' id='word_1_30' title='bbox 1572 359 1736 394; x_wconf 84' lang='lat' dir='ltr'>diversis</span> 
     </span>
     <span class='ocr_line' id='line_1_5' title="bbox 217 416 1737 463; baseline 0.001 -12"><span class='ocrx_word' id='word_1_31' title='bbox 217 417 508 462; x_wconf 83' lang='lat' dir='ltr'>quaestionibus</span> <span class='ocrx_word' id='word_1_32' title='bbox 541 418 590 452; x_wconf 88' lang='lat' dir='ltr'>ad</span> <span class='ocrx_word' id='word_1_33' title='bbox 625 416 914 460; x_wconf 69' lang='lat' dir='ltr'>simplicianum</span> <span class='ocrx_word' id='word_1_34' title='bbox 949 418 1116 452; x_wconf 88' lang='lat' dir='ltr'>mitteret</span> <span class='ocrx_word' id='word_1_35' title='bbox 1151 418 1261 463; x_wconf 89' lang='lat' dir='ltr'>eique</span> <span class='ocrx_word' id='word_1_36' title='bbox 1299 418 1596 453; x_wconf 84' lang='lat' dir='ltr'>commendaret.</span> <span class='ocrx_word' id='word_1_37' title='bbox 1641 428 1737 462; x_wconf 87' lang='lat' dir='ltr'>quos</span> 
     </span>
     <span class='ocr_line' id='line_1_6' title="bbox 218 476 1386 522; baseline 0.001 -12"><span class='ocrx_word' id='word_1_38' title='bbox 218 476 334 510; x_wconf 90' lang='lat' dir='ltr'>libros</span> <span class='ocrx_word' id='word_1_39' title='bbox 361 487 393 512; x_wconf 89' lang='lat' dir='ltr'>a.</span> <span class='ocrx_word' id='word_1_40' title='bbox 417 477 485 511; x_wconf 89' lang='lat'>397</span> <span class='ocrx_word' id='word_1_41' title='bbox 511 476 708 510; x_wconf 81' lang='lat' dir='ltr'>coniectos</span> <span class='ocrx_word' id='word_1_42' title='bbox 734 487 817 511; x_wconf 89' lang='lat' dir='ltr'>esse</span> <span class='ocrx_word' id='word_1_43' title='bbox 843 487 919 511; x_wconf 88' lang='lat' dir='ltr'>non</span> <span class='ocrx_word' id='word_1_44' title='bbox 944 480 1001 511; x_wconf 88' lang='lat' dir='ltr'>est</span> <span class='ocrx_word' id='word_1_45' title='bbox 1028 477 1129 522; x_wconf 84' lang='lat' dir='ltr'>quod</span> <span class='ocrx_word' id='word_1_46' title='bbox 1157 477 1386 515; x_wconf 76' lang='lat' dir='ltr'>dubitemus.</span> 
     </span>
    </p>

    <p class='ocr_par' dir='ltr' id='par_1_4' title="bbox 217 535 1737 874">
     <span class='ocr_line' id='line_1_7' title="bbox 358 535 1736 581; baseline 0 -12"><span class='ocrx_word' id='word_1_47' title='bbox 358 535 534 578; x_wconf 81' lang='lat' dir='ltr'>Epistula</span> <span class='ocrx_word' id='word_1_48' title='bbox 563 537 607 571; x_wconf 87' lang='lat'>38</span> <span class='ocrx_word' id='word_1_49' title='bbox 634 535 778 578; x_wconf 79' lang='lat' dir='ltr'>scripta</span> <span class='ocrx_word' id='word_1_50' title='bbox 810 540 868 570; x_wconf 86' lang='lat' dir='ltr'>est</span> <span class='ocrx_word' id='word_1_51' title='bbox 898 536 981 570; x_wconf 76' lang='lat' dir='ltr'>dies</span> <span class='ocrx_word' id='word_1_52' title='bbox 1009 536 1128 577; x_wconf 69' lang='lat' dir='ltr'>ferme</span> <span class='ocrx_word' id='word_1_53' title='bbox 1157 537 1296 580; x_wconf 70' lang='lat' dir='ltr'>viyinti</span> <span class='ocrx_word' id='word_1_54' title='bbox 1325 539 1507 581; x_wconf 78' lang='lat' dir='ltr'>quattuor</span> <span class='ocrx_word' id='word_1_55' title='bbox 1535 546 1556 570; x_wconf 83' lang='lat' dir='ltr'>a</span> <span class='ocrx_word' id='word_1_56' title='bbox 1585 536 1736 580; x_wconf 71' lang='lat' dir='ltr'>deposi-</span> 
     </span>
     <span class='ocr_line' id='line_1_8' title="bbox 219 594 1734 639; baseline 0.001 -12"><span class='ocrx_word' id='word_1_57' title='bbox 219 596 322 628; x_wconf 79' lang='lat' dir='ltr'>tione</span> <span class='ocrx_word' id='word_1_58' title='bbox 355 596 528 639; x_wconf 75' lang='lat' dir='ltr'>corporis</span> <span class='ocrx_word' id='word_1_59' title='bbox 561 594 712 638; x_wconf 84' lang='lat' dir='ltr'>Megali,</span> <span class='ocrx_word' id='word_1_60' title='bbox 746 594 949 629; x_wconf 83' lang='lat' dir='ltr'>Numidiae</span> <span class='ocrx_word' id='word_1_61' title='bbox 982 594 1204 639; x_wconf 87' lang='lat' dir='ltr'>primatis,¹)</span> <span class='ocrx_word' id='word_1_62' title='bbox 1241 595 1278 629; x_wconf 89' lang='lat' dir='ltr'>id</span> <span class='ocrx_word' id='word_1_63' title='bbox 1344 599 1402 629; x_wconf 82' lang='lat' dir='ltr'>est</span> <span class='ocrx_word' id='word_1_64' title='bbox 1435 595 1537 629; x_wconf 90' lang='lat' dir='ltr'>circa</span> <span class='ocrx_word' id='word_1_65' title='bbox 1570 594 1734 629; x_wconf 89' lang='lat' dir='ltr'>medium</span> 
     </span>
     <span class='ocr_line' id='line_1_9' title="bbox 218 653 1737 697; baseline 0 -10"><span class='ocrx_word' id='word_1_66' title='bbox 218 654 296 688; x_wconf 89' lang='lat' dir='ltr'>fere</span> <span class='ocrx_word' id='word_1_67' title='bbox 319 664 460 687; x_wconf 89' lang='lat' dir='ltr'>annum</span> <span class='ocrx_word' id='word_1_68' title='bbox 485 654 563 688; x_wconf 89' lang='lat'>397.</span> <span class='ocrx_word' id='word_1_69' title='bbox 589 653 730 687; x_wconf 83' lang='lat' dir='ltr'>etenim</span> <span class='ocrx_word' id='word_1_70' title='bbox 755 653 793 687; x_wconf 91' lang='lat' dir='ltr'>in</span> <span class='ocrx_word' id='word_1_71' title='bbox 819 653 981 687; x_wconf 79' lang='lat' dir='ltr'>concilio</span> <span class='ocrx_word' id='word_1_72' title='bbox 1008 653 1303 697; x_wconf 79' lang='lat' dir='ltr'>Carthaginensi</span> <span class='ocrx_word' id='word_1_73' title='bbox 1329 653 1363 687; x_wconf 91' lang='lat' dir='ltr'>V</span> <span class='ocrx_word' id='word_1_74' title='bbox 1389 653 1475 688; x_wconf 86' lang='lat' dir='ltr'>Kal.</span> <span class='ocrx_word' id='word_1_75' title='bbox 1502 653 1737 696; x_wconf 69' lang='lat' dir='ltr'>Septembris</span> 
     </span>
     <span class='ocr_line' id='line_1_10' title="bbox 217 712 1736 756; baseline 0 -10"><span class='ocrx_word' id='word_1_76' title='bbox 217 723 249 746; x_wconf 82' lang='lat' dir='ltr'>a.</span> <span class='ocrx_word' id='word_1_77' title='bbox 268 713 336 747; x_wconf 89' lang='lat'>397</span> <span class='ocrx_word' id='word_1_78' title='bbox 359 712 487 746; x_wconf 88' lang='lat' dir='ltr'>habito</span> <span class='ocrx_word' id='word_1_79' title='bbox 515 712 693 746; x_wconf 73' lang='lat' dir='ltr'>Aurelius</span> <span class='ocrx_word' id='word_1_80' title='bbox 720 712 868 747; x_wconf 87' lang='lat' dir='ltr'>litteras</span> <span class='ocrx_word' id='word_1_81' title='bbox 894 723 913 746; x_wconf 87' lang='lat' dir='ltr'>a</span> <span class='ocrx_word' id='word_1_82' title='bbox 941 712 1215 747; x_wconf 76' lang='lat' dir='ltr'>(¹rescentian0</span> <span class='ocrx_word' id='word_1_83' title='bbox 1241 712 1288 747; x_wconf 86' lang='lat' dir='ltr'>ad</span> <span class='ocrx_word' id='word_1_84' title='bbox 1318 723 1358 747; x_wconf 85' lang='lat' dir='ltr'>se</span> <span class='ocrx_word' id='word_1_85' title='bbox 1385 713 1496 747; x_wconf 86' lang='lat' dir='ltr'>datas</span> <span class='ocrx_word' id='word_1_86' title='bbox 1522 712 1736 756; x_wconf 85' lang='lat' dir='ltr'>proposuit,</span> 
     </span>
     <span class='ocr_line' id='line_1_11' title="bbox 217 770 1732 816; baseline 0 -11"><span class='ocrx_word' id='word_1_87' title='bbox 217 772 253 805; x_wconf 91' lang='lat' dir='ltr'>in</span> <span class='ocrx_word' id='word_1_88' title='bbox 286 771 422 816; x_wconf 91' lang='lat' dir='ltr'>quibus</span> <span class='ocrx_word' id='word_1_89' title='bbox 456 771 518 805; x_wconf 89' lang='lat' dir='ltr'>ille</span> <span class='ocrx_word' id='word_1_90' title='bbox 553 781 592 805; x_wconf 91' lang='lat' dir='ltr'>se</span> <span class='ocrx_word' id='word_1_91' title='bbox 626 770 828 806; x_wconf 86' lang='lat' dir='ltr'>Numidiae</span> <span class='ocrx_word' id='word_1_92' title='bbox 862 771 1062 814; x_wconf 86' lang='lat' dir='ltr'>primatem</span> <span class='ocrx_word' id='word_1_93' title='bbox 1095 771 1238 806; x_wconf 84' lang='lat' dir='ltr'>factum</span> <span class='ocrx_word' id='word_1_94' title='bbox 1271 781 1355 806; x_wconf 88' lang='lat' dir='ltr'>esse</span> <span class='ocrx_word' id='word_1_95' title='bbox 1389 771 1732 814; x_wconf 78' lang='lat' dir='ltr'>signiticavisset.²)</span> 
     </span>
     <span class='ocr_line' id='line_1_12' title="bbox 217 829 1152 874; baseline 0.001 -11"><span class='ocrx_word' id='word_1_96' title='bbox 217 830 403 874; x_wconf 82' lang='lat' dir='ltr'>Megalius</span> <span class='ocrx_word' id='word_1_97' title='bbox 430 830 545 874; x_wconf 89' lang='lat' dir='ltr'>igitur</span> <span class='ocrx_word' id='word_1_98' title='bbox 573 829 687 873; x_wconf 83' lang='lat' dir='ltr'>paulo</span> <span class='ocrx_word' id='word_1_99' title='bbox 715 835 803 864; x_wconf 91' lang='lat' dir='ltr'>ante</span> <span class='ocrx_word' id='word_1_100' title='bbox 830 835 911 864; x_wconf 89' lang='lat' dir='ltr'>erat</span> <span class='ocrx_word' id='word_1_101' title='bbox 936 829 1152 866; x_wconf 81' lang='lat' dir='ltr'>defunctus.</span> 
     </span>
    </p>

    <p class='ocr_par' dir='ltr' id='par_1_5' title="bbox 205 888 1734 2522">
     <span class='ocr_line' id='line_1_13' title="bbox 359 888 1734 933; baseline 0.001 -11"><span class='ocrx_word' id='word_1_102' title='bbox 359 888 532 933; x_wconf 79' lang='lat' dir='ltr'>Epistula</span> <span class='ocrx_word' id='word_1_103' title='bbox 565 889 609 923; x_wconf 81' lang='lat'>39</span> <span class='ocrx_word' id='word_1_104' title='bbox 645 888 864 933; x_wconf 80' lang='lat' dir='ltr'>Hieronymi</span> <span class='ocrx_word' id='word_1_105' title='bbox 899 894 934 923; x_wconf 83' lang='lat' dir='ltr'>et</span> <span class='ocrx_word' id='word_1_106' title='bbox 968 890 1014 923; x_wconf 86' lang='lat'>40</span> <span class='ocrx_word' id='word_1_107' title='bbox 1047 889 1252 933; x_wconf 84' lang='lat' dir='ltr'>Augustini</span> <span class='ocrx_word' id='word_1_108' title='bbox 1285 889 1418 923; x_wconf 87' lang='lat' dir='ltr'>eodem</span> <span class='ocrx_word' id='word_1_109' title='bbox 1453 889 1531 924; x_wconf 87' lang='lat' dir='ltr'>fere</span> <span class='ocrx_word' id='word_1_110' title='bbox 1565 892 1734 933; x_wconf 86' lang='lat' dir='ltr'>tempore</span> 
     </span>
     <span class='ocr_line' id='line_1_14' title="bbox 222 938 1734 992; baseline 0 -11"><span class='ocrx_word' id='word_1_111' title='bbox 222 954 309 982; x_wconf 86' lang='lat' dir='ltr'>sunt</span> <span class='ocrx_word' id='word_1_112' title='bbox 343 948 519 991; x_wconf 77' lang='lat' dir='ltr'>scriptae.</span> <span class='ocrx_word' id='word_1_113' title='bbox 554 948 589 981; x_wconf 91' lang='lat' dir='ltr'>in</span> <span class='ocrx_word' id='word_1_114' title='bbox 622 948 819 991; x_wconf 84' lang='lat' dir='ltr'>utriusque</span> <span class='ocrx_word' id='word_1_115' title='bbox 854 948 951 982; x_wconf 88' lang='lat' dir='ltr'>enim</span> <span class='ocrx_word' id='word_1_116' title='bbox 984 948 1091 982; x_wconf 88' lang='lat' dir='ltr'>initio</span> <span class='ocrx_word' id='word_1_117' title='bbox 1114 938 1247 983; x_wconf 50' lang='lat' dir='ltr'>&#39;sermo</span> <span class='ocrx_word' id='word_1_118' title='bbox 1279 951 1337 983; x_wconf 88' lang='lat' dir='ltr'>est</span> <span class='ocrx_word' id='word_1_119' title='bbox 1370 948 1415 983; x_wconf 89' lang='lat' dir='ltr'>de</span> <span class='ocrx_word' id='word_1_120' title='bbox 1449 947 1612 992; x_wconf 78' lang='lat' dir='ltr'>epistula</span> <span class='ocrx_word' id='word_1_121' title='bbox 1645 957 1734 991; x_wconf 86' lang='lat' dir='ltr'>qua-</span> 
     </span>
     <span class='ocr_line' id='line_1_15' title="bbox 214 1005 1733 1051; baseline -0.001 -12"><span class='ocrx_word' id='word_1_122' title='bbox 214 1005 313 1044; x_wconf 79' lang='lat' dir='ltr'>dam,</span> <span class='ocrx_word' id='word_1_123' title='bbox 337 1016 450 1051; x_wconf 79' lang='lat' dir='ltr'>quam</span> <span class='ocrx_word' id='word_1_124' title='bbox 474 1006 731 1049; x_wconf 74' lang='lat' dir='ltr'>Hieronymus</span> <span class='ocrx_word' id='word_1_125' title='bbox 754 1016 822 1049; x_wconf 88' lang='lat' dir='ltr'>pro</span> <span class='ocrx_word' id='word_1_126' title='bbox 848 1006 1080 1040; x_wconf 84' lang='lat' dir='ltr'>salutatione</span> <span class='ocrx_word' id='word_1_127' title='bbox 1104 1007 1150 1040; x_wconf 86' lang='lat' dir='ltr'>ab</span> <span class='ocrx_word' id='word_1_128' title='bbox 1172 1006 1389 1051; x_wconf 79' lang='lat' dir='ltr'>Augustino</span> <span class='ocrx_word' id='word_1_129' title='bbox 1414 1006 1450 1040; x_wconf 91' lang='lat' dir='ltr'>in</span> <span class='ocrx_word' id='word_1_130' title='bbox 1473 1006 1632 1040; x_wconf 87' lang='lat' dir='ltr'>alterius</span> <span class='ocrx_word' id='word_1_131' title='bbox 1655 1005 1733 1048; x_wconf 84' lang='lat' dir='ltr'>epi-</span> 
     </span>
     <span class='ocr_line' id='line_1_16' title="bbox 214 1064 1732 1109; baseline -0.001 -10"><span class='ocrx_word' id='word_1_132' title='bbox 214 1064 314 1099; x_wconf 86' lang='lat' dir='ltr'>stula</span> <span class='ocrx_word' id='word_1_133' title='bbox 345 1065 562 1108; x_wconf 81' lang='lat' dir='ltr'>subscripta</span> <span class='ocrx_word' id='word_1_134' title='bbox 587 1064 820 1101; x_wconf 76' lang='lat' dir='ltr'>reddiderat.</span> <span class='ocrx_word' id='word_1_135' title='bbox 848 1075 945 1109; x_wconf 77' lang='lat' dir='ltr'>quae</span> <span class='ocrx_word' id='word_1_136' title='bbox 972 1065 1137 1108; x_wconf 84' lang='lat' dir='ltr'>epistula</span> <span class='ocrx_word' id='word_1_137' title='bbox 1165 1075 1241 1099; x_wconf 90' lang='lat' dir='ltr'>non</span> <span class='ocrx_word' id='word_1_138' title='bbox 1269 1064 1433 1108; x_wconf 85' lang='lat' dir='ltr'>amplius</span> <span class='ocrx_word' id='word_1_139' title='bbox 1461 1069 1578 1098; x_wconf 84' lang='lat' dir='ltr'>extat.</span> <span class='ocrx_word' id='word_1_140' title='bbox 1617 1070 1732 1108; x_wconf 83' lang='lat' dir='ltr'>atquc</span> 
     </span>
     <span class='ocr_line' id='line_1_17' title="bbox 213 1122 1731 1168; baseline -0.001 -12"><span class='ocrx_word' id='word_1_141' title='bbox 213 1122 470 1168; x_wconf 66' lang='lat' dir='ltr'>Hieronymus</span> <span class='ocrx_word' id='word_1_142' title='bbox 503 1134 603 1157; x_wconf 87' lang='lat' dir='ltr'>anno</span> <span class='ocrx_word' id='word_1_143' title='bbox 637 1124 845 1166; x_wconf 87' lang='lat' dir='ltr'>praeterito</span> <span class='ocrx_word' id='word_1_144' title='bbox 879 1134 961 1158; x_wconf 82' lang='lat' dir='ltr'>eain</span> <span class='ocrx_word' id='word_1_145' title='bbox 996 1135 1034 1158; x_wconf 80' lang='lat' dir='ltr'>se</span> <span class='ocrx_word' id='word_1_146' title='bbox 1068 1124 1217 1158; x_wconf 78' lang='lat' dir='ltr'>misisse</span> <span class='ocrx_word' id='word_1_147' title='bbox 1251 1124 1356 1167; x_wconf 86' lang='lat' dir='ltr'>dicit,</span> <span class='ocrx_word' id='word_1_148' title='bbox 1390 1123 1630 1166; x_wconf 75' lang='lat' dir='ltr'>Augustinus</span> <span class='ocrx_word' id='word_1_149' title='bbox 1663 1133 1731 1166; x_wconf 83' lang='lat' dir='ltr'>pro</span> 
     </span>
     <span class='ocr_line' id='line_1_18' title="bbox 214 1182 1732 1227; baseline -0.001 -11"><span class='ocrx_word' id='word_1_150' title='bbox 214 1187 375 1225; x_wconf 81' lang='lat' dir='ltr'>accepta</span> <span class='ocrx_word' id='word_1_151' title='bbox 409 1183 573 1227; x_wconf 77' lang='lat' dir='ltr'>gratiam</span> <span class='ocrx_word' id='word_1_152' title='bbox 611 1183 725 1217; x_wconf 81' lang='lat' dir='ltr'>refert</span> <span class='ocrx_word' id='word_1_153' title='bbox 763 1193 884 1227; x_wconf 81' lang='lat' dir='ltr'>neque</span> <span class='ocrx_word' id='word_1_154' title='bbox 922 1193 1012 1217; x_wconf 85' lang='lat' dir='ltr'>vero</span> <span class='ocrx_word' id='word_1_155' title='bbox 1050 1182 1161 1217; x_wconf 80' lang='lat' dir='ltr'>simul</span> <span class='ocrx_word' id='word_1_156' title='bbox 1196 1182 1465 1225; x_wconf 62' lang='lat' dir='ltr'>epistulaeffl)</span> <span class='ocrx_word' id='word_1_157' title='bbox 1499 1182 1732 1216; x_wconf 79' lang='lat' dir='ltr'>mentionem</span> 
     </span>
     <span class='ocr_line' id='line_1_19' title="bbox 217 1240 1733 1285; baseline 0 -11"><span class='ocrx_word' id='word_1_158' title='bbox 217 1241 320 1276; x_wconf 83' lang='lat' dir='ltr'>facit.</span> <span class='ocrx_word' id='word_1_159' title='bbox 349 1252 422 1285; x_wconf 87' lang='lat' dir='ltr'>quo</span> <span class='ocrx_word' id='word_1_160' title='bbox 453 1242 547 1276; x_wconf 84' lang='lat' dir='ltr'>hanc</span> <span class='ocrx_word' id='word_1_161' title='bbox 580 1241 782 1285; x_wconf 79' lang='lat' dir='ltr'>epistulam</span> <span class='ocrx_word' id='word_1_162' title='bbox 812 1245 890 1275; x_wconf 83' lang='lat' dir='ltr'>tuin</span> <span class='ocrx_word' id='word_1_163' title='bbox 919 1242 1085 1275; x_wconf 86' lang='lat' dir='ltr'>nonduin</span> <span class='ocrx_word' id='word_1_164' title='bbox 1115 1241 1163 1275; x_wconf 90' lang='lat' dir='ltr'>ad</span> <span class='ocrx_word' id='word_1_165' title='bbox 1193 1252 1277 1276; x_wconf 82' lang='lat' dir='ltr'>euni</span> <span class='ocrx_word' id='word_1_166' title='bbox 1308 1241 1527 1285; x_wconf 85' lang='lat' dir='ltr'>pervenisse</span> <span class='ocrx_word' id='word_1_167' title='bbox 1557 1240 1733 1275; x_wconf 87' lang='lat' dir='ltr'>concludi</span> 
     </span>
     <span class='ocr_line' id='line_1_20' title="bbox 212 1300 1728 1344; baseline 0.001 -11"><span class='ocrx_word' id='word_1_168' title='bbox 212 1305 350 1343; x_wconf 81' lang='lat' dir='ltr'>potest.</span> <span class='ocrx_word' id='word_1_169' title='bbox 396 1306 596 1344; x_wconf 82' lang='lat' dir='ltr'>praeterea</span> <span class='ocrx_word' id='word_1_170' title='bbox 629 1301 794 1343; x_wconf 86' lang='lat' dir='ltr'>epistula</span> <span class='ocrx_word' id='word_1_171' title='bbox 827 1302 871 1335; x_wconf 83' lang='lat'>39</span> <span class='ocrx_word' id='word_1_172' title='bbox 904 1301 1120 1343; x_wconf 72' lang='lat' dir='ltr'>Augustino</span> <span class='ocrx_word' id='word_1_173' title='bbox 1156 1301 1229 1335; x_wconf 86' lang='lat' dir='ltr'>iam</span> <span class='ocrx_word' id='word_1_174' title='bbox 1264 1301 1447 1343; x_wconf 86' lang='lat' dir='ltr'>episcopo</span> <span class='ocrx_word' id='word_1_175' title='bbox 1482 1300 1625 1342; x_wconf 77' lang='lat' dir='ltr'>scripta</span> <span class='ocrx_word' id='word_1_176' title='bbox 1660 1301 1728 1334; x_wconf 85' lang='lat' dir='ltr'>est.</span> 
     </span>
     <span class='ocr_line' id='line_1_21' title="bbox 211 1358 1730 1403; baseline -0.002 -9"><span class='ocrx_word' id='word_1_177' title='bbox 211 1370 293 1394; x_wconf 75' lang='lat' dir='ltr'>cum</span> <span class='ocrx_word' id='word_1_178' title='bbox 322 1360 454 1394; x_wconf 86' lang='lat' dir='ltr'>eodem</span> <span class='ocrx_word' id='word_1_179' title='bbox 482 1360 634 1394; x_wconf 88' lang='lat' dir='ltr'>nomine</span> <span class='ocrx_word' id='word_1_180' title='bbox 663 1360 758 1393; x_wconf 89' lang='lat' dir='ltr'>sicut</span> <span class='ocrx_word' id='word_1_181' title='bbox 787 1360 950 1403; x_wconf 71' lang='lat' dir='ltr'>Alypius</span> <span class='ocrx_word' id='word_1_182' title='bbox 977 1360 1182 1402; x_wconf 86' lang='lat' dir='ltr'>episcopus</span> <span class='ocrx_word' id='word_1_183' title='bbox 1208 1359 1424 1402; x_wconf 87' lang='lat' dir='ltr'>appelletur</span> <span class='ocrx_word' id='word_1_184' title='bbox 1450 1368 1563 1402; x_wconf 86' lang='lat' dir='ltr'>papa,</span> <span class='ocrx_word' id='word_1_185' title='bbox 1589 1363 1624 1394; x_wconf 88' lang='lat' dir='ltr'>et</span> <span class='ocrx_word' id='word_1_186' title='bbox 1655 1358 1730 1401; x_wconf 89' lang='lat' dir='ltr'>pri-</span> 
     </span>
     <span class='ocr_line' id='line_1_22' title="bbox 211 1417 1732 1463; baseline -0.001 -10"><span class='ocrx_word' id='word_1_187' title='bbox 211 1429 310 1453; x_wconf 86' lang='lat' dir='ltr'>mam</span> <span class='ocrx_word' id='word_1_188' title='bbox 346 1419 463 1453; x_wconf 83' lang='lat' dir='ltr'>fuisse</span> <span class='ocrx_word' id='word_1_189' title='bbox 499 1418 749 1462; x_wconf 87' lang='lat' dir='ltr'>epistularum</span> <span class='ocrx_word' id='word_1_190' title='bbox 786 1419 833 1453; x_wconf 84' lang='lat' dir='ltr'>ab</span> <span class='ocrx_word' id='word_1_191' title='bbox 868 1418 1102 1463; x_wconf 65' lang='lat' dir='ltr'>Hieronymo</span> <span class='ocrx_word' id='word_1_192' title='bbox 1139 1419 1187 1453; x_wconf 88' lang='lat' dir='ltr'>ad</span> <span class='ocrx_word' id='word_1_193' title='bbox 1223 1418 1481 1460; x_wconf 75' lang='lat' dir='ltr'>Augustinum</span> <span class='ocrx_word' id='word_1_194' title='bbox 1517 1417 1732 1460; x_wconf 74' lang='lat' dir='ltr'>missarum,</span> 
     </span>
     <span class='ocr_line' id='line_1_23' title="bbox 212 1476 1729 1522; baseline -0.002 -10"><span class='ocrx_word' id='word_1_195' title='bbox 212 1488 308 1522; x_wconf 83' lang='lat' dir='ltr'>quae</span> <span class='ocrx_word' id='word_1_196' title='bbox 343 1478 496 1522; x_wconf 81' lang='lat' dir='ltr'>quidem</span> <span class='ocrx_word' id='word_1_197' title='bbox 531 1478 579 1512; x_wconf 89' lang='lat' dir='ltr'>ad</span> <span class='ocrx_word' id='word_1_198' title='bbox 613 1483 780 1511; x_wconf 83' lang='lat' dir='ltr'>nostram</span> <span class='ocrx_word' id='word_1_199' title='bbox 816 1477 1036 1512; x_wconf 83' lang='lat' dir='ltr'>memoriam</span> <span class='ocrx_word' id='word_1_200' title='bbox 1070 1482 1305 1521; x_wconf 85' lang='lat' dir='ltr'>manserunt,</span> <span class='ocrx_word' id='word_1_201' title='bbox 1342 1487 1386 1510; x_wconf 83' lang='lat' dir='ltr'>eo</span> <span class='ocrx_word' id='word_1_202' title='bbox 1420 1480 1595 1520; x_wconf 85' lang='lat' dir='ltr'>apparet,</span> <span class='ocrx_word' id='word_1_203' title='bbox 1629 1476 1729 1520; x_wconf 83' lang='lat' dir='ltr'>quod</span> 
     </span>
     <span class='ocr_line' id='line_1_24' title="bbox 213 1535 1733 1580; baseline 0 -11"><span class='ocrx_word' id='word_1_204' title='bbox 213 1536 356 1571; x_wconf 92' lang='lat' dir='ltr'>nullum</span> <span class='ocrx_word' id='word_1_205' title='bbox 390 1537 427 1571; x_wconf 92' lang='lat' dir='ltr'>in</span> <span class='ocrx_word' id='word_1_206' title='bbox 458 1547 501 1571; x_wconf 89' lang='lat' dir='ltr'>ea</span> <span class='ocrx_word' id='word_1_207' title='bbox 534 1542 590 1571; x_wconf 88' lang='lat' dir='ltr'>est</span> <span class='ocrx_word' id='word_1_208' title='bbox 624 1537 828 1579; x_wconf 77' lang='lat' dir='ltr'>vestigium</span> <span class='ocrx_word' id='word_1_209' title='bbox 863 1536 963 1570; x_wconf 83' lang='lat' dir='ltr'>illius</span> <span class='ocrx_word' id='word_1_210' title='bbox 995 1536 1219 1570; x_wconf 77' lang='lat' dir='ltr'>offensionis</span> <span class='ocrx_word' id='word_1_211' title='bbox 1252 1536 1459 1580; x_wconf 80' lang='lat' dir='ltr'>Augustini</span> <span class='ocrx_word' id='word_1_212' title='bbox 1490 1535 1658 1578; x_wconf 82' lang='lat' dir='ltr'>epistula</span> <span class='ocrx_word' id='word_1_213' title='bbox 1688 1536 1733 1569; x_wconf 82' lang='lat'>40</span> 
     </span>
     <span class='ocr_line' id='line_1_25' title="bbox 214 1594 1729 1639; baseline -0.001 -10"><span class='ocrx_word' id='word_1_214' title='bbox 214 1596 442 1639; x_wconf 73' lang='lat' dir='ltr'>concitatae,</span> <span class='ocrx_word' id='word_1_215' title='bbox 467 1606 551 1629; x_wconf 90' lang='lat' dir='ltr'>cum</span> <span class='ocrx_word' id='word_1_216' title='bbox 576 1595 774 1638; x_wconf 82' lang='lat' dir='ltr'>epistulae.</span> <span class='ocrx_word' id='word_1_217' title='bbox 799 1606 892 1638; x_wconf 68' lang='lat' dir='ltr'>quas</span> <span class='ocrx_word' id='word_1_218' title='bbox 918 1595 1097 1638; x_wconf 77' lang='lat' dir='ltr'>deinceps</span> <span class='ocrx_word' id='word_1_219' title='bbox 1122 1595 1375 1638; x_wconf 67' lang='lat' dir='ltr'>Hieronymus</span> <span class='ocrx_word' id='word_1_220' title='bbox 1400 1594 1446 1627; x_wconf 86' lang='lat' dir='ltr'>ad</span> <span class='ocrx_word' id='word_1_221' title='bbox 1473 1594 1729 1638; x_wconf 68' lang='lat' dir='ltr'>Augustinum</span> 
     </span>
     <span class='ocr_line' id='line_1_26' title="bbox 211 1654 1729 1698; baseline -0.001 -10"><span class='ocrx_word' id='word_1_222' title='bbox 211 1654 376 1697; x_wconf 77' lang='lat' dir='ltr'>scripsit,</span> <span class='ocrx_word' id='word_1_223' title='bbox 404 1655 460 1698; x_wconf 79' lang='lat'>68,</span> <span class='ocrx_word' id='word_1_224' title='bbox 489 1655 542 1698; x_wconf 71' lang='lat'>72,</span> <span class='ocrx_word' id='word_1_225' title='bbox 571 1655 626 1697; x_wconf 76' lang='lat'>75,</span> <span class='ocrx_word' id='word_1_226' title='bbox 655 1655 695 1689; x_wconf 80' lang='lat'>81</span> <span class='ocrx_word' id='word_1_227' title='bbox 728 1665 860 1688; x_wconf 81' lang='lat' dir='ltr'>omnes</span> <span class='ocrx_word' id='word_1_228' title='bbox 889 1665 932 1688; x_wconf 85' lang='lat' dir='ltr'>ea</span> <span class='ocrx_word' id='word_1_229' title='bbox 963 1654 1035 1688; x_wconf 86' lang='lat' dir='ltr'>sint</span> <span class='ocrx_word' id='word_1_230' title='bbox 1067 1654 1242 1688; x_wconf 78' lang='lat' dir='ltr'>refertae.</span> <span class='ocrx_word' id='word_1_231' title='bbox 1283 1664 1447 1697; x_wconf 78' lang='lat' dir='ltr'>quonam</span> <span class='ocrx_word' id='word_1_232' title='bbox 1480 1657 1607 1687; x_wconf 84' lang='lat' dir='ltr'>autem</span> <span class='ocrx_word' id='word_1_233' title='bbox 1638 1659 1729 1687; x_wconf 85' lang='lat' dir='ltr'>tein-</span> 
     </span>
     <span class='ocr_line' id='line_1_27' title="bbox 210 1711 1728 1763; baseline -0.001 -17"><span class='ocrx_word' id='word_1_234' title='bbox 210 1723 300 1756; x_wconf 86' lang='lat' dir='ltr'>pore</span> <span class='ocrx_word' id='word_1_235' title='bbox 327 1714 503 1763; x_wconf 80' lang='lat' dir='ltr'>confecta</span> <span class='ocrx_word' id='word_1_236' title='bbox 530 1714 576 1747; x_wconf 87' lang='lat' dir='ltr'>sit</span> <span class='ocrx_word' id='word_1_237' title='bbox 604 1713 770 1756; x_wconf 83' lang='lat' dir='ltr'>epistula</span> <span class='ocrx_word' id='word_1_238' title='bbox 799 1715 853 1748; x_wconf 75' lang='grc'>40,</span> <span class='ocrx_word' id='word_1_239' title='bbox 880 1713 1123 1756; x_wconf 80' lang='lat' dir='ltr'>perspicuum</span> <span class='ocrx_word' id='word_1_240' title='bbox 1150 1713 1304 1755; x_wconf 85' lang='lat' dir='ltr'>praebet</span> <span class='ocrx_word' id='word_1_241' title='bbox 1334 1712 1515 1746; x_wconf 83' lang='lat' dir='ltr'>indicium</span> <span class='ocrx_word' id='word_1_242' title='bbox 1543 1711 1728 1755; x_wconf 71' lang='lat' dir='ltr'>Hierony-</span> 
     </span>
     <span class='ocr_line' id='line_1_28' title="bbox 209 1770 1725 1815; baseline -0.002 -9"><span class='ocrx_word' id='word_1_243' title='bbox 209 1783 291 1806; x_wconf 90' lang='lat' dir='ltr'>mus</span> <span class='ocrx_word' id='word_1_244' title='bbox 319 1773 356 1806; x_wconf 91' lang='lat' dir='ltr'>in</span> <span class='ocrx_word' id='word_1_245' title='bbox 389 1772 554 1815; x_wconf 87' lang='lat' dir='ltr'>epistula</span> <span class='ocrx_word' id='word_1_246' title='bbox 589 1773 631 1806; x_wconf 76' lang='lat'>72</span> <span class='ocrx_word' id='word_1_247' title='bbox 665 1783 698 1807; x_wconf 89' lang='lat' dir='ltr'>a.</span> <span class='ocrx_word' id='word_1_248' title='bbox 731 1772 882 1806; x_wconf 81' lang='lat' dir='ltr'>circiter</span> <span class='ocrx_word' id='word_1_249' title='bbox 916 1772 1100 1806; x_wconf 75' lang='lat'>403-404</span> <span class='ocrx_word' id='word_1_250' title='bbox 1137 1771 1292 1814; x_wconf 85' lang='lat' dir='ltr'>scripta.</span> <span class='ocrx_word' id='word_1_251' title='bbox 1326 1782 1409 1804; x_wconf 76' lang='lat' dir='ltr'>cum</span> <span class='ocrx_word' id='word_1_252' title='bbox 1444 1770 1536 1805; x_wconf 84' lang='lat' dir='ltr'>dicit</span> <span class='ocrx_word' id='word_1_253' title='bbox 1571 1770 1725 1805; x_wconf 82' lang='lat' dir='ltr'>fratrem</span> 
     </span>
     <span class='ocr_line' id='line_1_29' title="bbox 210 1830 1727 1874; baseline -0.001 -10"><span class='ocrx_word' id='word_1_254' title='bbox 210 1831 418 1865; x_wconf 65' lang='lat' dir='ltr'>Sisinnium</span> <span class='ocrx_word' id='word_1_255' title='bbox 444 1842 526 1866; x_wconf 80' lang='lat' dir='ltr'>eam</span> <span class='ocrx_word' id='word_1_256' title='bbox 554 1833 590 1865; x_wconf 78' lang='lat' dir='ltr'>m</span> <span class='ocrx_word' id='word_1_257' title='bbox 616 1831 741 1865; x_wconf 73' lang='lat' dir='ltr'>insula</span> <span class='ocrx_word' id='word_1_258' title='bbox 767 1830 934 1865; x_wconf 67' lang='lat' dir='ltr'>Hadriae</span> <span class='ocrx_word' id='word_1_259' title='bbox 959 1834 1048 1865; x_wconf 76' lang='lat' dir='ltr'>ante</span> <span class='ocrx_word' id='word_1_260' title='bbox 1073 1830 1145 1864; x_wconf 74' lang='lat' dir='ltr'>hoc</span> <span class='ocrx_word' id='word_1_261' title='bbox 1167 1830 1288 1870; x_wconf 73' lang='lat' dir='ltr'>ferme</span> <span class='ocrx_word' id='word_1_262' title='bbox 1317 1830 1619 1874; x_wconf 72' lang='lat' dir='ltr'>quinquennium</span> <span class='ocrx_word' id='word_1_263' title='bbox 1646 1839 1727 1873; x_wconf 75' lang='lat' dir='ltr'>rep-</span> 
     </span>
     <span class='ocr_line' id='line_1_30' title="bbox 209 1887 1728 1933; baseline -0.001 -10"><span class='ocrx_word' id='word_1_264' title='bbox 209 1891 401 1933; x_wconf 51' lang='lat' dir='ltr'>peris-see)</span> <span class='ocrx_word' id='word_1_265' title='bbox 434 1890 472 1923; x_wconf 86' lang='lat' dir='ltr'>id</span> <span class='ocrx_word' id='word_1_266' title='bbox 501 1895 560 1924; x_wconf 78' lang='lat' dir='ltr'>est</span> <span class='ocrx_word' id='word_1_267' title='bbox 590 1900 690 1923; x_wconf 87' lang='lat' dir='ltr'>anno</span> <span class='ocrx_word' id='word_1_268' title='bbox 722 1890 837 1924; x_wconf 85' lang='lat' dir='ltr'>ferme</span> <span class='ocrx_word' id='word_1_269' title='bbox 868 1890 946 1923; x_wconf 79' lang='lat'>398.</span> <span class='ocrx_word' id='word_1_270' title='bbox 989 1889 1128 1923; x_wconf 82' lang='lat' dir='ltr'>etenim</span> <span class='ocrx_word' id='word_1_271' title='bbox 1160 1888 1325 1931; x_wconf 87' lang='lat' dir='ltr'>epistula</span> <span class='ocrx_word' id='word_1_272' title='bbox 1354 1889 1398 1922; x_wconf 76' lang='lat'>40</span> <span class='ocrx_word' id='word_1_273' title='bbox 1431 1887 1544 1921; x_wconf 89' lang='lat' dir='ltr'>simili</span> <span class='ocrx_word' id='word_1_274' title='bbox 1575 1887 1728 1921; x_wconf 84' lang='lat' dir='ltr'>fortuna</span> 
     </span>
     <span class='ocr_line' id='line_1_31' title="bbox 211 1946 1725 1993; baseline -0.003 -11"><span class='ocrx_word' id='word_1_275' title='bbox 211 1958 278 1982; x_wconf 85' lang='lat' dir='ltr'>usa</span> <span class='ocrx_word' id='word_1_276' title='bbox 306 1952 362 1982; x_wconf 89' lang='lat' dir='ltr'>est</span> <span class='ocrx_word' id='word_1_277' title='bbox 389 1954 504 1993; x_wconf 83' lang='lat' dir='ltr'>atque</span> <span class='ocrx_word' id='word_1_278' title='bbox 531 1948 696 1991; x_wconf 88' lang='lat' dir='ltr'>epistula</span> <span class='ocrx_word' id='word_1_279' title='bbox 728 1949 773 1982; x_wconf 71' lang='lat'>28</span> <span class='ocrx_word' id='word_1_280' title='bbox 798 1958 919 1991; x_wconf 77' lang='lat' dir='ltr'>neque</span> <span class='ocrx_word' id='word_1_281' title='bbox 947 1948 994 1981; x_wconf 86' lang='lat' dir='ltr'>ad</span> <span class='ocrx_word' id='word_1_282' title='bbox 1022 1946 1297 1991; x_wconf 64' lang='lat' dir='ltr'>Hieronymum</span> <span class='ocrx_word' id='word_1_283' title='bbox 1325 1946 1527 1990; x_wconf 85' lang='lat' dir='ltr'>pervenire</span> <span class='ocrx_word' id='word_1_284' title='bbox 1555 1946 1725 1989; x_wconf 67' lang='lat' dir='ltr'>potuit⁴i</span> 
     </span>
     <span class='ocr_line' id='line_1_32' title="bbox 210 2005 1727 2051; baseline -0.001 -11"><span class='ocrx_word' id='word_1_285' title='bbox 210 2006 276 2041; x_wconf 88' lang='lat' dir='ltr'>sed</span> <span class='ocrx_word' id='word_1_286' title='bbox 306 2006 465 2041; x_wconf 87' lang='lat' dir='ltr'>Romam</span> <span class='ocrx_word' id='word_1_287' title='bbox 498 2007 625 2041; x_wconf 86' lang='lat' dir='ltr'>ablata</span> <span class='ocrx_word' id='word_1_288' title='bbox 657 2013 715 2041; x_wconf 84' lang='lat' dir='ltr'>est·</span> <span class='ocrx_word' id='word_1_289' title='bbox 748 2012 783 2041; x_wconf 84' lang='lat' dir='ltr'>et</span> <span class='ocrx_word' id='word_1_290' title='bbox 817 2007 853 2041; x_wconf 91' lang='lat' dir='ltr'>in</span> <span class='ocrx_word' id='word_1_291' title='bbox 886 2007 1047 2043; x_wconf 82' lang='lat' dir='ltr'>Italiam.</span> <span class='ocrx_word' id='word_1_292' title='bbox 1080 2008 1142 2041; x_wconf 92' lang='lat' dir='ltr'>ubi</span> <span class='ocrx_word' id='word_1_293' title='bbox 1174 2007 1211 2041; x_wconf 92' lang='lat' dir='ltr'>in</span> <span class='ocrx_word' id='word_1_294' title='bbox 1244 2007 1369 2041; x_wconf 88' lang='lat' dir='ltr'>insula</span> <span class='ocrx_word' id='word_1_295' title='bbox 1400 2006 1528 2051; x_wconf 86' lang='lat' dir='ltr'>aliqua</span> <span class='ocrx_word' id='word_1_296' title='bbox 1561 2005 1727 2040; x_wconf 85' lang='lat' dir='ltr'>Hadriae</span> 
     </span>
     <span class='ocr_line' id='line_1_33' title="bbox 208 2064 1724 2112; baseline -0.001 -13"><span class='ocrx_word' id='word_1_297' title='bbox 208 2065 406 2112; x_wconf 78' lang='lat' dir='ltr'>Sisennius</span> <span class='ocrx_word' id='word_1_298' title='bbox 435 2076 515 2100; x_wconf 87' lang='lat' dir='ltr'>eam</span> <span class='ocrx_word' id='word_1_299' title='bbox 545 2065 837 2100; x_wconf 87' lang='lat' dir='ltr'>describendam</span> <span class='ocrx_word' id='word_1_300' title='bbox 866 2065 1014 2099; x_wconf 88' lang='lat' dir='ltr'>curavit</span> <span class='ocrx_word' id='word_1_301' title='bbox 1042 2069 1078 2100; x_wconf 87' lang='lat' dir='ltr'>et</span> <span class='ocrx_word' id='word_1_302' title='bbox 1106 2065 1303 2108; x_wconf 82' lang='lat' dir='ltr'>exemplar</span> <span class='ocrx_word' id='word_1_303' title='bbox 1330 2065 1411 2100; x_wconf 87' lang='lat' dir='ltr'>sine</span> <span class='ocrx_word' id='word_1_304' title='bbox 1443 2064 1724 2108; x_wconf 86' lang='lat' dir='ltr'>subscriptione</span> 
     </span>
     <span class='ocr_line' id='line_1_34' title="bbox 207 2122 1724 2168; baseline -0.001 -10"><span class='ocrx_word' id='word_1_305' title='bbox 207 2124 255 2158; x_wconf 89' lang='lat' dir='ltr'>ad</span> <span class='ocrx_word' id='word_1_306' title='bbox 284 2123 559 2168; x_wconf 73' lang='lat' dir='ltr'>Hieronymum</span> <span class='ocrx_word' id='word_1_307' title='bbox 588 2124 790 2167; x_wconf 42' lang='grc' dir='ltr'><strong>μοι-1111165)</strong></span> <span class='ocrx_word' id='word_1_308' title='bbox 835 2124 1034 2168; x_wconf 82' lang='lat' dir='ltr'>flagitante</span> <span class='ocrx_word' id='word_1_309' title='bbox 1063 2124 1215 2158; x_wconf 86' lang='lat' dir='ltr'>deinum</span> <span class='ocrx_word' id='word_1_310' title='bbox 1245 2122 1492 2168; x_wconf 76' lang='lat' dir='ltr'>Hieronymo,</span> <span class='ocrx_word' id='word_1_311' title='bbox 1523 2129 1562 2158; x_wconf 88' lang='lat' dir='ltr'>ut</span> <span class='ocrx_word' id='word_1_312' title='bbox 1591 2123 1724 2158; x_wconf 76' lang='lat' dir='ltr'>eadent</span> 
     </span>
     <span class='ocr_line' id='line_1_35' title="bbox 207 2182 1725 2227; baseline -0.001 -10"><span class='ocrx_word' id='word_1_313' title='bbox 207 2183 372 2226; x_wconf 82' lang='lat' dir='ltr'>epistula</span> <span class='ocrx_word' id='word_1_314' title='bbox 411 2183 617 2226; x_wconf 73' lang='lat' dir='ltr'>Augustini</span> <span class='ocrx_word' id='word_1_315' title='bbox 656 2183 871 2225; x_wconf 87' lang='lat' dir='ltr'>subscripta</span> <span class='ocrx_word' id='word_1_316' title='bbox 910 2193 1024 2216; x_wconf 86' lang='grc'><strong>11131111</strong></span> <span class='ocrx_word' id='word_1_317' title='bbox 1064 2182 1135 2217; x_wconf 82' lang='lat' dir='ltr'>sibi</span> <span class='ocrx_word' id='word_1_318' title='bbox 1173 2182 1432 2226; x_wconf 81' lang='lat' dir='ltr'>mitteretur,⁰)</span> <span class='ocrx_word' id='word_1_319' title='bbox 1473 2182 1725 2227; x_wconf 84' lang='lat' dir='ltr'>Augustinus,</span> 
     </span>
     <span class='ocr_line' id='line_1_36' title="bbox 207 2232 1724 2285; baseline 0.001 -10"><span class='ocrx_word' id='word_1_320' title='bbox 207 2242 305 2276; x_wconf 86' lang='lat' dir='ltr'>sicut</span> <span class='ocrx_word' id='word_1_321' title='bbox 329 2242 402 2275; x_wconf 88' lang='lat' dir='ltr'>iam</span> <span class='ocrx_word' id='word_1_322' title='bbox 430 2246 519 2275; x_wconf 87' lang='lat' dir='ltr'>ante</span> <span class='ocrx_word' id='word_1_323' title='bbox 544 2241 814 2285; x_wconf 80' lang='lat' dir='ltr'>deci·everat,⁷)</span> <span class='ocrx_word' id='word_1_324' title='bbox 842 2243 938 2276; x_wconf 82' lang='lat' dir='ltr'>hanc</span> <span class='ocrx_word' id='word_1_325' title='bbox 963 2253 1038 2277; x_wconf 87' lang='lat' dir='ltr'>una</span> <span class='ocrx_word' id='word_1_326' title='bbox 1063 2253 1146 2277; x_wconf 88' lang='lat' dir='ltr'>cum</span> <span class='ocrx_word' id='word_1_327' title='bbox 1172 2244 1217 2278; x_wconf 71' lang='lat'>28</span> <span class='ocrx_word' id='word_1_328' title='bbox 1241 2242 1378 2278; x_wconf 87' lang='lat' dir='ltr'>iterum</span> <span class='ocrx_word' id='word_1_329' title='bbox 1402 2242 1505 2277; x_wconf 85' lang='lat' dir='ltr'>misit</span> <span class='ocrx_word' id='word_1_330' title='bbox 1530 2232 1570 2277; x_wconf 69' lang='lat' dir='ltr'>et&#39;</span> <span class='ocrx_word' id='word_1_331' title='bbox 1593 2242 1724 2276; x_wconf 81' lang='lat' dir='ltr'>Hiero-</span> 
     </span>
     <span class='ocr_line' id='line_1_37' title="bbox 208 2300 1724 2345; baseline 0.001 -11"><span class='ocrx_word' id='word_1_332' title='bbox 208 2311 345 2344; x_wconf 84' lang='lat' dir='ltr'>nymus</span> <span class='ocrx_word' id='word_1_333' title='bbox 368 2300 416 2335; x_wconf 86' lang='lat' dir='ltr'>ad</span> <span class='ocrx_word' id='word_1_334' title='bbox 441 2311 496 2335; x_wconf 82' lang='lat' dir='ltr'>ea.</span> <span class='ocrx_word' id='word_1_335' title='bbox 519 2311 615 2344; x_wconf 87' lang='lat' dir='ltr'>quae</span> <span class='ocrx_word' id='word_1_336' title='bbox 640 2300 700 2335; x_wconf 87' lang='lat' dir='ltr'>ille</span> <span class='ocrx_word' id='word_1_337' title='bbox 724 2300 1035 2345; x_wconf 84' lang='lat' dir='ltr'>reprehenderat,</span> <span class='ocrx_word' id='word_1_338' title='bbox 1059 2301 1232 2345; x_wconf 87' lang='lat' dir='ltr'>longiore</span> <span class='ocrx_word' id='word_1_339' title='bbox 1258 2301 1423 2344; x_wconf 89' lang='lat' dir='ltr'>epistula</span> <span class='ocrx_word' id='word_1_340' title='bbox 1447 2302 1492 2336; x_wconf 82' lang='lat'>75</span> <span class='ocrx_word' id='word_1_341' title='bbox 1512 2301 1724 2344; x_wconf 89' lang='lat' dir='ltr'>respondit.</span> 
     </span>
     <span class='ocr_line' id='line_1_38' title="bbox 206 2359 1721 2403; baseline 0 -10"><span class='ocrx_word' id='word_1_342' title='bbox 206 2359 372 2403; x_wconf 83' lang='lat' dir='ltr'>scriptae</span> <span class='ocrx_word' id='word_1_343' title='bbox 406 2359 521 2403; x_wconf 87' lang='lat' dir='ltr'>igitur</span> <span class='ocrx_word' id='word_1_344' title='bbox 555 2363 643 2393; x_wconf 89' lang='lat' dir='ltr'>sunt</span> <span class='ocrx_word' id='word_1_345' title='bbox 676 2359 864 2402; x_wconf 86' lang='lat' dir='ltr'>epistulae</span> <span class='ocrx_word' id='word_1_346' title='bbox 896 2360 942 2394; x_wconf 87' lang='lat'>39</span> <span class='ocrx_word' id='word_1_347' title='bbox 972 2364 1010 2394; x_wconf 89' lang='lat' dir='ltr'>et</span> <span class='ocrx_word' id='word_1_348' title='bbox 1041 2361 1087 2394; x_wconf 83' lang='lat'>40</span> <span class='ocrx_word' id='word_1_349' title='bbox 1117 2371 1150 2395; x_wconf 92' lang='lat' dir='ltr'>a.</span> <span class='ocrx_word' id='word_1_350' title='bbox 1180 2360 1332 2394; x_wconf 86' lang='lat' dir='ltr'>circiter</span> <span class='ocrx_word' id='word_1_351' title='bbox 1363 2360 1432 2395; x_wconf 87' lang='grc'>396</span> <span class='ocrx_word' id='word_1_352' title='bbox 1461 2364 1528 2394; x_wconf 89' lang='lat' dir='ltr'>aut</span> <span class='ocrx_word' id='word_1_353' title='bbox 1562 2360 1628 2395; x_wconf 87' lang='lat'>397</span> <span class='ocrx_word' id='word_1_354' title='bbox 1660 2360 1721 2395; x_wconf 91' lang='lat' dir='ltr'>vel</span> 
     </span>
     <span class='ocr_line' id='line_1_39' title="bbox 205 2417 1722 2463; baseline 0 -11"><span class='ocrx_word' id='word_1_355' title='bbox 205 2418 334 2460; x_wconf 91' lang='lat' dir='ltr'>potius</span> <span class='ocrx_word' id='word_1_356' title='bbox 356 2418 439 2461; x_wconf 68' lang='lat'>397,</span> <span class='ocrx_word' id='word_1_357' title='bbox 480 2429 566 2452; x_wconf 89' lang='lat' dir='ltr'>nam</span> <span class='ocrx_word' id='word_1_358' title='bbox 596 2429 680 2452; x_wconf 84' lang='lat' dir='ltr'>cum</span> <span class='ocrx_word' id='word_1_359' title='bbox 708 2417 964 2462; x_wconf 79' lang='lat' dir='ltr'>Hieronymus</span> <span class='ocrx_word' id='word_1_360' title='bbox 993 2418 1030 2452; x_wconf 93' lang='lat' dir='ltr'>in</span> <span class='ocrx_word' id='word_1_361' title='bbox 1059 2418 1225 2461; x_wconf 89' lang='lat' dir='ltr'>epistula</span> <span class='ocrx_word' id='word_1_362' title='bbox 1251 2419 1296 2453; x_wconf 88' lang='lat'>39</span> <span class='ocrx_word' id='word_1_363' title='bbox 1325 2418 1541 2463; x_wconf 86' lang='lat' dir='ltr'>Augustino</span> <span class='ocrx_word' id='word_1_364' title='bbox 1568 2418 1615 2453; x_wconf 88' lang='lat' dir='ltr'>de</span> <span class='ocrx_word' id='word_1_365' title='bbox 1645 2419 1722 2461; x_wconf 92' lang='lat' dir='ltr'>epi-</span> 
     </span>
     <span class='ocr_line' id='line_1_40' title="bbox 208 2476 1723 2522; baseline 0 -11"><span class='ocrx_word' id='word_1_366' title='bbox 208 2482 389 2520; x_wconf 84' lang='lat' dir='ltr'>scopatus</span> <span class='ocrx_word' id='word_1_367' title='bbox 414 2477 556 2511; x_wconf 85' lang='lat' dir='ltr'>honore</span> <span class='ocrx_word' id='word_1_368' title='bbox 581 2476 797 2518; x_wconf 69' lang='lat' dir='ltr'>gratulatus</span> <span class='ocrx_word' id='word_1_369' title='bbox 824 2488 897 2511; x_wconf 87' lang='lat' dir='ltr'>non</span> <span class='ocrx_word' id='word_1_370' title='bbox 923 2477 983 2517; x_wconf 86' lang='lat' dir='ltr'>sit,</span> <span class='ocrx_word' id='word_1_371' title='bbox 1011 2481 1310 2511; x_wconf 86' lang='lat' dir='ltr'>consentaneum</span> <span class='ocrx_word' id='word_1_372' title='bbox 1337 2482 1405 2520; x_wconf 89' lang='lat' dir='ltr'>est,</span> <span class='ocrx_word' id='word_1_373' title='bbox 1430 2477 1531 2522; x_wconf 81' lang='lat' dir='ltr'>quod</span> <span class='ocrx_word' id='word_1_374' title='bbox 1560 2476 1723 2511; x_wconf 87' lang='lat' dir='ltr'>Maurini</span> 
     </span>
    </p>
   </div>
   <div class='ocr_carea' id='block_1_3' title="bbox 293 2559 480 2564">
    <p class='ocr_par' dir='ltr' id='par_1_6' title="bbox 293 2559 480 2564">
     <span class='ocr_line' id='line_1_41' title="bbox 293 2559 480 2564; baseline 0 0"><span class='ocrx_word' id='word_1_375' title='bbox 293 2559 480 2564; x_wconf 95' lang='lat' dir='ltr'> </span> 
     </span>
    </p>
   </div>
   <div class='ocr_carea' id='block_1_4' title="bbox 346 2603 1581 2765">
    <p class='ocr_par' dir='ltr' id='par_1_7' title="bbox 346 2603 1581 2765">
     <span class='ocr_line' id='line_1_42' title="bbox 348 2603 1581 2647; baseline -0.002 -8"><span class='ocrx_word' id='word_1_376' title='bbox 348 2606 377 2638; x_wconf 58' lang='lat'>¹}</span> <span class='ocrx_word' id='word_1_377' title='bbox 407 2614 442 2647; x_wconf 84' lang='lat' dir='ltr'>p.</span> <span class='ocrx_word' id='word_1_378' title='bbox 465 2606 522 2641; x_wconf 85' lang='grc'>65,</span> <span class='ocrx_word' id='word_1_379' title='bbox 550 2604 694 2638; x_wconf 78' lang='grc'><strong>11-13,</strong></span> <span class='ocrx_word' id='word_1_380' title='bbox 840 2607 869 2644; x_wconf 79' lang='lat'>²)</span> <span class='ocrx_word' id='word_1_381' title='bbox 900 2604 1022 2639; x_wconf 85' lang='lat' dir='ltr'>Mansi</span> <span class='ocrx_word' id='word_1_382' title='bbox 1048 2603 1182 2638; x_wconf 85' lang='lat' dir='ltr'>concil.</span> <span class='ocrx_word' id='word_1_383' title='bbox 1208 2603 1292 2639; x_wconf 93' lang='lat' dir='ltr'>coll.</span> <span class='ocrx_word' id='word_1_384' title='bbox 1318 2603 1370 2637; x_wconf 92' lang='lat' dir='ltr'>III</span> <span class='ocrx_word' id='word_1_385' title='bbox 1398 2614 1433 2647; x_wconf 93' lang='lat' dir='ltr'>p.</span> <span class='ocrx_word' id='word_1_386' title='bbox 1459 2604 1526 2638; x_wconf 88' lang='lat'>733</span> <span class='ocrx_word' id='word_1_387' title='bbox 1541 2603 1581 2637; x_wconf 90' lang='lat' dir='ltr'>B.</span> 
     </span>
     <span class='ocr_line' id='line_1_43' title="bbox 350 2662 1534 2707; baseline -0.001 -10"><span class='ocrx_word' id='word_1_388' title='bbox 350 2664 379 2706; x_wconf 81' lang='lat'>³)</span> <span class='ocrx_word' id='word_1_389' title='bbox 407 2674 440 2707; x_wconf 89' lang='lat' dir='ltr'>p.</span> <span class='ocrx_word' id='word_1_390' title='bbox 467 2663 546 2698; x_wconf 72' lang='lat'>256.</span> <span class='ocrx_word' id='word_1_391' title='bbox 572 2663 674 2696; x_wconf 85' lang='lat'>5—7.</span> <span class='ocrx_word' id='word_1_392' title='bbox 844 2663 872 2705; x_wconf 78' lang='lat'>⁴)</span> <span class='ocrx_word' id='word_1_393' title='bbox 900 2673 934 2706; x_wconf 89' lang='lat' dir='ltr'>p.</span> <span class='ocrx_word' id='word_1_394' title='bbox 962 2662 1039 2702; x_wconf 76' lang='lat'>268,</span> <span class='ocrx_word' id='word_1_395' title='bbox 1066 2662 1215 2706; x_wconf 76' lang='grc'>9-269,</span> <span class='ocrx_word' id='word_1_396' title='bbox 1240 2663 1278 2706; x_wconf 86' lang='grc'>3;</span> <span class='ocrx_word' id='word_1_397' title='bbox 1303 2662 1382 2706; x_wconf 82' lang='lat'>383,</span> <span class='ocrx_word' id='word_1_398' title='bbox 1408 2663 1534 2696; x_wconf 81' lang='lat'>5—14.</span> 
     </span>
     <span class='ocr_line' id='line_1_44' title="bbox 346 2721 1478 2765; baseline -0.004 -6"><span class='ocrx_word' id='word_1_399' title='bbox 346 2723 376 2765; x_wconf 73' lang='lat'>⁵)</span> <span class='ocrx_word' id='word_1_400' title='bbox 406 2731 441 2764; x_wconf 89' lang='lat' dir='ltr'>p.</span> <span class='ocrx_word' id='word_1_401' title='bbox 466 2722 543 2765; x_wconf 73' lang='lat'>255,</span> <span class='ocrx_word' id='word_1_402' title='bbox 575 2721 719 2763; x_wconf 51' lang='lat' dir='ltr'>lO-AZ</span> <span class='ocrx_word' id='word_1_403' title='bbox 757 2722 835 2765; x_wconf 70' lang='lat'>256,</span> <span class='ocrx_word' id='word_1_404' title='bbox 859 2722 960 2755; x_wconf 87' lang='lat'>3—7.</span> <span class='ocrx_word' id='word_1_405' title='bbox 1105 2722 1135 2765; x_wconf 79' lang='lat'>⁶)</span> <span class='ocrx_word' id='word_1_406' title='bbox 1164 2730 1200 2764; x_wconf 92' lang='lat' dir='ltr'>p.</span> <span class='ocrx_word' id='word_1_407' title='bbox 1225 2721 1302 2765; x_wconf 75' lang='lat'>257,</span> <span class='ocrx_word' id='word_1_408' title='bbox 1332 2721 1478 2756; x_wconf 76' lang='lat'>11-1‘2,</span> 
     </span>
    </p>
   </div>
   <div class='ocr_carea' id='block_1_5' title="bbox 347 2780 931 2824">
    <p class='ocr_par' dir='ltr' id='par_1_8' title="bbox 347 2780 931 2824">
     <span class='ocr_line' id='line_1_45' title="bbox 347 2780 931 2824; baseline 0 -11"><span class='ocrx_word' id='word_1_409' title='bbox 347 2781 375 2813; x_wconf 54' lang='lat'>⁷⁸»</span> <span class='ocrx_word' id='word_1_410' title='bbox 406 2791 441 2824; x_wconf 87' lang='lat' dir='ltr'>p.</span> <span class='ocrx_word' id='word_1_411' title='bbox 464 2781 542 2823; x_wconf 71' lang='lat'>249,</span> <span class='ocrx_word' id='word_1_412' title='bbox 567 2780 670 2814; x_wconf 63' lang='lat'>7---92</span> <span class='ocrx_word' id='word_1_413' title='bbox 709 2780 878 2822; x_wconf 75' lang='lat'>13—250,</span> <span class='ocrx_word' id='word_1_414' title='bbox 900 2781 931 2814; x_wconf 80' lang='lat'>4.</span> 
     </span>
    </p>
   </div>
  </div>
 </body>
</html>
