2078 3054
277 162 361 203 242
944 174 1088 211 Index
1115 175 1161 211 V.

276 289 286 322 l
305 299 326 323 o
342 299 358 323 s
374 299 393 324 e
409 298 432 332 p
449 289 471 323 h
487 298 510 323 u
525 299 560 333 s,
592 289 657 334 qui
689 288 884 323 Iudaicam
918 287 1037 332 scrip-

322 347 371 381 sit
400 347 598 381 historiam
628 346 677 380 IV
707 346 786 390 270,
815 346 868 381 17.

277 404 326 438 lo
343 404 456 440 sias
508 403 671 439 servivit
719 403 791 439 ‹leo
841 403 949 439 lucos
998 405 1036 438 et

320 463 465 507 templa
494 462 683 497 idolorum
711 466 749 497 et
777 461 841 496 illa
869 461 1035 506 excelsa,

320 531 417 566 quae
452 525 587 555 contra
619 520 681 555 dei
713 524 924 564 praecepta
956 518 1036 554 fue-

321 583 406 613 rant
442 582 676 623 constructa,
712 577 948 613 destruendo
983 576 1035 611 IV

322 636 374 680 18,
403 636 432 671 1.

277 693 482 729 lothor:
511 693 687 730 Christus
713 693 848 729 docuit
874 693 1035 739 Moysen

320 762 388 796 per
420 752 549 787 lothor
578 751 634 786 III
663 752 742 796 559,
773 751 827 787 11.

273 810 537 846 Iovianus
587 810 797 854 imperator
848 808 1036 845 successit

322 868 469 903 Iuliano
506 872 545 904 et
582 868 658 904 cito
694 872 869 903 mortuus
905 871 965 903 est
1001 865 1035 901 ΙΙ

320 926 399 971 602,
426 927 459 962 3.

276 984 605 1020 Iovinianus
644 984 683 1019 in
721 983 949 1030 quaestione
988 982 1040 1018 de

319 1042 555 1088 aequalitate
595 1046 842 1086 peccatorum
882 1040 1035 1077 Stoicus

318 1105 412 1145 erat,
456 1100 494 1135 in
537 1099 779 1145 aucupandis
823 1103 952 1139 autem
996 1101 1035 1134 et

317 1158 601 1194 ‹leiensitandis
640 1157 907 1203 voluptatibus
946 1156 1034 1202 Epi-

1122 288 1390 331 promissionis
1430 288 1502 324 hoc
1542 289 1650 334 prius
1691 288 1835 334 signifi-

1121 350 1249 380 catum
1277 346 1448 382 ostendit
1475 357 1543 391 per
1569 346 1690 391 Isaac,
1716 347 1832 381 tilium

1121 403 1299 440 Abrahae
1324 403 1376 439 IV
1400 404 1479 449 205,
1505 404 1559 440 16.

1072 459 1308 497 Isinahel
1340 472 1387 497 ex
1421 462 1526 508 Agar
1557 466 1671 498 natus
1703 467 1764 498 est
1796 466 1834 498 et

1120 519 1427 555 Ismahelitarum
1471 524 1625 565 gentem
1668 530 1736 555 suo
1779 530 1834 555 se-

1119 577 1221 613 mine
1271 578 1505 623 propagavit
1552 577 1604 612 IV
1650 578 1730 622 225,
1781 568 1833 612 15.

1122 635 1237 670 Sarra
1259 640 1297 670 et
1320 635 1424 680 Agar
1446 639 1484 670 et
1504 635 1580 670 duo
1602 635 1670 670 filii
1691 646 1834 679 earum,

1122 692 1230 728 Isaac
1265 697 1302 728 et
1339 692 1515 737 Ismahel‚
1551 703 1620 737 pro
1654 693 1835 737 spiritali-

1119 751 1190 786 bus
1225 755 1263 786 et
1296 751 1515 786 carnalibus
1550 750 1765 796 figurantur
1800 749 1833 784 ΙΙ

1120 809 1201 854 450,
1227 809 1259 844 9.

1073 870 1435 907 Ismahelitae
1474 871 1684 907 secundum
1721 870 1835 916 origi-

1120 939 1206 965 nem
1246 929 1374 964 carnis
1411 929 1607 974 pertinent
1645 929 1694 964 ad
1731 928 1835 974 Aga-r

1121 986 1174 1022 IV
1203 987 1282 1032 227,
1314 987 1349 1031 83
1378 997 1425 1022 ex
1456 987 1561 1032 Agar
1590 987 1691 1022 enim
1720 991 1835 1021 natus

1119 1049 1179 1081 est
1215 1044 1391 1090 Ismahel,
1426 1045 1491 1091 qui
1527 1044 1834 1080 Ismahelitarum

1119 1106 1275 1148 gentem
1312 1112 1381 1138 suo
1417 1102 1562 1138 semine
1601 1102 1836 1148 propagavit

1120 1159 1157 1195 II
1186 1160 1266 1207 225,
1294 1161 1326 1196 8.

319 1227 458 1252 wreus
492 1216 546 1250 ῙῙῘ
582 1216 662 1261 592,
696 1216 728 1251 4-
775 1214 1035 1260 Hieronymus
1074 1223 1290 1259 Israhel
1335 1227 1373 1260 et
1418 1223 1534 1260 Iacob
1579 1234 1677 1259 unus
1723 1223 1834 1258 honio

318 1279 454 1310 contra
491 1285 576 1310 eum
611 1273 830 1319 disputavit
866 1272 921 1308 111
954 1273 1033 1317 577,

318 1333 352 1369 2:
400 1333 482 1368 cius
527 1331 858 1377 vaniloquentiam
905 1331 1034 1367 redar-

318 1391 399 1434 guit
431 1390 483 1425 llI
511 1391 590 1434 555,
618 1390 653 1434 23
681 1400 799 1434 opere
827 1388 1032 1434 splendido

317 1450 365 1484 de
407 1448 609 1493 scripturis
651 1447 796 1483 sanctis
837 1446 1034 1484 dilucidis-

319 1507 412 1542 sime
453 1517 539 1542 eum
580 1506 749 1541 convicit
790 1505 844 1540 III
883 1505 964 1550 592,
1000 1505 1033 1540 6.

318 1565 395 1609 597,
426 1564 479 1599 13.

272 1626 369 1660 ira:
433 1631 492 1662 est
541 1626 785 1663 turbulentus
834 1624 1034 1670 appetitus

318 1684 519 1720 auferendi
565 1695 621 1729 ea,
666 1695 764 1730 quae
808 1683 1034 1719 facilitatem

319 1743 484 1778 actionis
521 1743 737 1787 impediunt
772 1741 880 1789 1⁴22,
914 1741 946 1777 2.
980 1741 1035 1776 in-

320 1805 567 1836 veterascens
597 1800 654 1836 ira
684 1800 724 1836 fit
754 1800 885 1836 odium
914 1798 949 1834 II
977 1799 1034 1844 65,

319 1860 373 1894 21.
416 1859 545 1894 odium
586 1858 769 1903 subrepit,
809 1858 899 1893 dum
939 1856 1033 1892 nulli

320 1917 502 1952 irascenti
530 1918 587 1952 ira
613 1927 682 1952 sua
707 1916 863 1951 videtur
891 1915 1034 1950 iniusta

324 1975 353 2009 ll
394 1976 449 2019 65,
487 1976 542 2010 20.
581 1974 682 2010 unde
722 1974 779 2009 ira
816 1974 879 2010 dei
918 1982 1033 2017 super

319 2033 578 2068 innocentiam
618 2032 771 2077 parvuli
808 2032 883 2069 nisi
919 2031 1033 2077 origi-

319 2091 417 2126 nalis
460 2095 562 2126 sorte
609 2101 651 2125 ac
698 2089 810 2125 sorde
855 2088 1033 2134 peccati?

321 2149 370 2183 IV
400 2149 476 2192 169,
504 2149 559 2184 23.

275 2213 283 2246 l
304 2224 319 2246 s
336 2223 355 2246 a
372 2223 393 2247 a
409 2223 445 2255 c,
468 2222 552 2247 cum
578 2211 754 2246 Christus
779 2211 817 2245 in
842 2209 1033 2245 infernum

318 2270 594 2314 descendisset,
632 2269 707 2304 illis
743 2268 940 2303 doloribus
976 2277 1034 2302 so-

319 2328 438 2363 lutum
472 2338 556 2363 esse
590 2331 678 2362 sunt
711 2327 775 2372 qui
808 2330 945 2371 putent
978 2323 1033 2359 III

320 2387 397 2429 526,
434 2387 486 2421 16.
523 2386 638 2421 Sarra
672 2389 709 2420 et
745 2384 849 2429 Agar
884 2388 922 2419 et
956 2382 1033 2418 duo

319 2444 385 2478 lilii
430 2455 572 2488 earum,
618 2442 728 2478 Isaac
773 2447 811 2477 et
855 2440 1033 2485 Ismahel,

320 2513 387 2546 pro
438 2500 677 2545 spiritalibus
726 2505 764 2536 et
815 2499 1033 2534 carnalibus

320 2560 534 2603 ligurantur
564 2558 600 2593 ΙΙ
632 2558 712 2604 450,
741 2558 773 2593 9.
803 2561 939 2603 gentes
969 2556 1034 2592 ad-

320 2618 423 2652 ‹litae
489 2621 579 2653 sunt
641 2615 763 2651 radici
828 2614 1033 2659 Abraham,

323 2676 439 2713 Isaac.
472 2675 596 2720 Iacob,
625 2678 667 2709 ut
695 2677 733 2709 et
760 2673 868 2717 ipsae
898 2672 1034 2709 fierent

322 2733 477 2776 Israhel,
521 2733 558 2767 id
602 2736 661 2768 est
702 2731 942 2776 pertinerent
983 2728 1034 2765 ad

321 2803 449 2826 semen
506 2790 682 2825 Abrahae
736 2788 789 2823 III
848 2789 924 2833 196,
978 2787 1033 2823 20.

319 2849 519 2893 apostolus
590 2847 864 2882 commendans
935 2845 1034 2881 filios

1120 1286 1204 1318 erat
1255 1281 1400 1317 habens
1449 1282 1525 1317 duo
1576 1281 1731 1316 nomina
1782 1280 1834 1315 llI

1122 1340 1200 1385 196,
1233 1340 1269 1384 5;
1303 1339 1350 1382 cl.
1382 1339 1435 1375 IV
1466 1339 1545 1384 226,
1579 1339 1634 1374 26.
1667 1339 1745 1383 227,
1781 1339 1834 1373 13.

1114 1391 1288 1443 'populus
1337 1397 1483 1433 Israhel
1535 1397 1693 1442 speciali
1744 1407 1835 1442 quo-

1120 1456 1208 1492 dam
1247 1455 1434 1501 mysterio
1472 1465 1568 1501 gens
1608 1454 1836 1500 prophetica

1120 1513 1194 1550 fuit
1230 1513 1266 1549 II
1301 1513 1382 1559 557,
1418 1513 1472 1549 15.
1511 1512 1738 1549 intuendum
1776 1515 1836 1547 est

1115 1582 1160 1607 ac
1194 1571 1491 1607 discernendum
1506 1571 1623 1606 alium
1638 1581 1723 1606 esse
1739 1569 1835 1604 Isra-

1119 1629 1192 1675 hel,
1222 1629 1288 1676 qui
1317 1633 1476 1674 propter
1508 1638 1662 1665 carnem
1695 1637 1834 1663 nomen

1120 1687 1282 1733 accepit,
1308 1686 1426 1723 alium
1452 1696 1558 1732 vero,
1582 1687 1648 1732 qui
1675 1688 1833 1733 propter

1120 1745 1297 1790 spiritum
1330 1755 1420 1791 rem,
1452 1755 1551 1791 quae
1583 1744 1647 1779 illo
1680 1742 1834 1779 nomine

1120 1803 1372 1850 significatur,
1399 1802 1567 1838 obtinuit
1592 1801 1645 1837 IV
1671 1801 1750 1846 225,
1779 1800 1833 1835 12.

1118 1861 1234 1897 Ionas
1293 1860 1581 1906 praefigurabat
1640 1858 1832 1894 carnalem

1120 1919 1304 1964 populum
1333 1918 1479 1954 Israhel
1507 1917 1637 1962 ΙΙ574,
1653 1918 1706 1952 10.
1735 1916 1834 1952 salu-

1119 1983 1192 2012 tem
1227 1976 1490 2021 paenitentiae
1520 1976 1692 2021 gentium
1724 1978 1834 2010 tanto

1118 2041 1208 2071 ante
1241 2034 1539 2080 praefiguratam
1572 2034 1611 2069 in
1644 2033 1739 2068 Iona
1768 2032 1834 2066 do-

1119 2094 1222 2129 lebat
1259 2092 1415 2137 Israhel,
1453 2092 1553 2128 sicut
1589 2101 1691 2126 nunc
1728 2089 1833 2125 dolet

1119 2150 1252 2186 umbra
1281 2150 1449 2185 nudatus
1479 2153 1518 2185 et
1549 2152 1660 2184 aestu
1690 2147 1836 2183 saucia-

1119 2213 1181 2244 tus
1221 2208 1254 2242 II
1294 2209 1373 2254 577,
1410 2207 1463 2243 12.
1501 2211 1637 2252 gentes
1675 2205 1831 2240 additae

1119 2272 1208 2301 sunt
1267 2266 1388 2301 radici
1448 2265 1651 2308 Abraham,
1712 2263 1831 2301 Isaac.

1120 2324 1245 2369 Iacob,
1267 2328 1309 2359 ut
1329 2327 1367 2359 et
1388 2324 1496 2367 ipsae
1518 2322 1652 2357 flerent
1676 2316 1832 2364 Israhel,

1119 2383 1157 2418 id
1207 2386 1266 2418 est
1316 2381 1555 2425 pertinerent
1604 2379 1652 2414 ad
1702 2389 1832 2414 semen

1118 2439 1295 2475 Abrahae
1324 2439 1376 2473 111
1406 2439 1484 2483 196,
1511 2438 1571 2482 203
1600 2437 1648 2479 cs.
1676 2436 1728 2471 IV
1755 2435 1834 2478 229,

1120 2498 1172 2532 17.
1217 2496 1427 2532 secundum
1471 2495 1659 2540 originem
1705 2493 1832 2528 carnis

1118 2556 1167 2591 ad
1203 2555 1329 2599 Iacob,
1363 2554 1428 2599 qui
1461 2553 1589 2589 dictus
1623 2556 1681 2587 est
1715 2551 1830 2586 etiam

1119 2613 1275 2657 Israhel,
1305 2612 1524 2662 pertinebat
1550 2621 1645 2656 gens
1673 2609 1831 2644 Iudaeo-

1119 2682 1213 2716 rum,
1237 2669 1447 2706 secundum
1471 2668 1697 2714 mysterium
1722 2666 1832 2710 spiri-

1118 2733 1180 2764 tus
1227 2729 1277 2764 ad
1327 2727 1472 2762 Israhel
1520 2724 1731 2761 Christiani
1779 2723 1831 2758 IV

1119 2787 1199 2831 227,
1242 2787 1295 2821 11.
1338 2789 1375 2820 et
1418 2795 1464 2820 ex
1506 2783 1660 2819 Iudaeis
1702 2786 1742 2818 et
1782 2792 1828 2816 ex

1114 2844 1294 2891 gentibus
1322 2843 1386 2889 qui
1416 2841 1625 2878 secundum
1655 2839 1827 2885 proposi-
