2078 3054
902 155 1042 190 Index
1070 153 1143 189 III
1719 143 1770 184 57

265 272 506 317 correptione
538 277 575 308 et
608 272 735 318 gratia
765 272 814 307 ad
847 271 1010 307 eundem
1044 271 1289 306 Valentinum
1324 273 1438 315 paulo
1471 274 1558 314 post
1592 270 1772 314 missus‚¹)

265 331 574 367 Retractationes
610 331 736 365 autem
772 340 872 364 anno
908 330 975 364 427
1011 328 1209 365 absolutae
1246 339 1329 363 esse
1366 328 1581 371 videantur,
1618 337 1775 372 uterque

266 389 360 424 liber
391 399 470 433 pos:
509 399 542 423 a.
575 388 641 423 427
675 387 787 422 scribi
818 397 894 422 non
926 387 1064 431 potuit3
1097 397 1218 430 neque
1251 396 1342 421 vero
1375 389 1464 421 ante
1496 397 1529 420 a.
1562 385 1640 421 423.
1671 390 1775 420 ante·

266 447 368 481 cedit
396 446 488 481 enin
523 446 561 480 in
587 444 939 480 Retractationibus
966 444 1059 478 liber
1087 445 1132 479 (le
1161 448 1248 479 octo
1280 444 1419 478 Dulciti
1447 443 1775 488 quaestionibus,²)

264 515 376 549 quem
406 504 507 538 ann.)
538 508 604 538 aut
634 503 701 537 422
730 507 795 538 aut
825 502 892 537 425
922 502 1175 546 compositum
1208 512 1290 537 esse
1321 502 1394 536 viri
1425 502 1529 536 docti
1560 502 1773 537 adfirmant.

265 562 367 607 quod
396 561 426 596 si
456 562 547 596 ilud
575 561 764 605 ponimus,
789 560 882 596 liber
908 561 954 595 de
982 560 1105 605 gratia
1133 564 1171 595 et
1199 560 1316 595 libero
1342 559 1499 595 arbitrio
1528 561 1630 595 intra
1653 570 1774 594 annos

264 620 331 654 423
361 624 399 654 et
426 619 490 653 42ῗ
522 619 689 662 scriptus
718 622 787 662 est,
819 618 877 653 sin
906 618 989 662 hoc,
1020 618 1119 652 intra
1149 628 1270 654 annos
1301 617 1368 652 426
1397 622 1432 653 et
1466 617 1544 652 427.
1586 617 1773 661 epistulae

266 678 381 721 igitur
416 677 479 711 214
516 682 553 712 et
588 677 654 711 215
688 676 821 712 eodem
859 686 960 711 anno
997 676 1135 711 missae
1172 679 1270 719 sunt,
1308 685 1382 720 quo
1418 675 1479 710 ille
1514 675 1619 719 liber⁷
1654 675 1775 711 altera

264 740 353 770 ante
382 735 523 779 pascha
551 735 674 770 altera
701 738 798 777 post.
824 756 870 760 —
896 735 936 768 Sc·
962 734 1053 778 quid
1080 736 1127 768 (fe
1156 734 1266 768 vobis
1293 743 1451 775 mereor,
1481 735 1611 768 veniat
1639 735 1688 768 ad
1716 744 1774 767 me

263 793 383 832 trater
418 793 553 827 Florus
590 793 742 836 scripsit
778 791 1017 837 Augustinus
1052 792 1099 826 ad
1135 791 1382 827 Valentinum
1418 791 1455 826 in
1491 796 1663 826 extrema
1697 791 1775 834 epi-

265 851 366 885 stula
405 851 482 885 215.
536 855 650 895 atque
691 850 843 884 Florum
886 850 1037 884 venisse
1078 849 1240 893 legimus
1282 851 1319 884 in
1360 849 1527 891 epistula
1568 849 1773 893 Augustini

264 907 415 951 pusilla,
446 918 543 953 quae
576 913 664 942 ante
698 907 882 943 tredecim
915 917 1036 942 annos
1070 907 1227 941 inventa
1260 913 1316 942 est
1350 917 1471 951 neque
1505 916 1596 941 vero
1632 907 1668 941 in
1705 906 1774 940 liae

263 965 432 1001 editione
464 975 532 1000 suo
563 965 646 1000 loco
678 965 793 1000 inseri
825 966 962 1009 potuit,
993 965 1172 1010 quoniam
1205 975 1289 999 sero
1321 965 1366 999 de
1399 975 1443 999 ea
1478 966 1615 999 certior
1651 964 1774 998 factus

266 1033 359 1059 sum.
386 1027 427 1057 ut
454 1023 547 1058 nihil
574 1023 861 1067 relinqueretur.
888 1023 960 1057 nisi
987 1026 1026 1056 ut
1055 1023 1092 1056 in
1118 1022 1366 1066 praefationis
1394 1033 1429 1066 p.
1456 1021 1577 1056 XCIII
1605 1032 1685 1056 eam
1713 1022 1775 1056 ad-

263 1081 427 1116 dendam
464 1091 649 1116 curarem.
697 1081 734 1115 in
770 1091 845 1125 qua
879 1080 1045 1124 epistula
1080 1081 1319 1125 Augustinus
1354 1079 1601 1115 Valentinum
1638 1080 1773 1115 iterum

263 1143 386 1182 rogat,
413 1143 452 1173 ut
480 1139 630 1173 Florum
662 1149 793 1173 rursus
821 1138 1235 1183 mittere.dignaretur,
1264 1148 1339 1174 non
1367 1137 1465 1173 enim
1498 1138 1773 1173 infructuosam

263 1195 429 1231 futuram
464 1196 545 1231 eius
579 1196 897 1231 abundantiorem
934 1197 1225 1231 institutionem.
1273 1197 1400 1234 itadue
1435 1197 1663 1230 Valentinus
1697 1196 1775 1239 epi-

265 1254 400 1288 stulam
425 1255 505 1297 216,
529 1265 602 1299 qua
627 1255 674 1289 ad
700 1254 906 1298 Augustini
933 1255 1080 1289 litteras
1105 1255 1374 1297 respondebat.
1402 1265 1468 1297 per
1495 1254 1643 1288 ‚flatum
1673 1255 1774 1288 misit

262 1312 431 1353 gaudere
462 1323 500 1347 se
532 1312 753 1355 significa-ns
780 1312 953 1346 uberior.¹
981 1312 1062 1347 eius
1091 1312 1374 1355 institutione&
1418 1323 1516 1356 quod
1550 1322 1772 1355 responsum

264 1369 363 1404 haud
388 1370 546 1404 multum
572 1370 731 1404 dilatum
757 1380 840 1405 esse
865 1380 948 1405 cuni
977 1381 1044 1414 per
1069 1381 1107 1404 se
1135 1370 1258 1413 ipsum
1285 1370 1334 1404 sit
1357 1374 1668 1412 conserstcneum,
1694 1374 1772 1404 tum

264 1427 514 1470 Augustinus.
542 1432 579 1462 ut
609 1428 656 1462 de
683 1428 994 1472 congregationis
1022 1438 1116 1471 pace
1143 1432 1182 1462 et
1209 1428 1271 1471 pia
1298 1427 1547 1462 consensione
1577 1427 1773 1463 celerrime

262 1483 476 1523 doceretur,
508 1485 794 1529 tlagitaverat.⁴)
839 1497 912 1528 qua
945 1497 982 1521 rc
1015 1486 1219 1528 epistulam
1251 1485 1317 1520 216
1349 1485 1482 1520 eodem
1514 1485 1640 1520 etiam‘
1661 1495 1773 1525 anno,

264 1552 338 1586 (guo
362 1542 530 1586 epistula
552 1543 618 1577 214
645 1549 682 1578 et
710 1544 775 1577 215
800 1544 927 1578 datam
952 1554 1035 1579 esse
1062 1544 1256 1587 probatur.

404 1600 579 1643 Epistula
608 1602 676 1636 217
706 1602 751 1636 ad
784 1601 947 1636 Vitalem
979 1601 1202 1645 episcopum
1231 1602 1323 1636 data
1352 1605 1420 1642 est,
1451 1601 1515 1645 qui
1545 1601 1575 1635 si
1606 1601 1772 1635 nondum

262 1663 342 1692 erat
379 1657 620 1701 Pelagianus.
656 1664 795 1696 tamen,
831 1670 875 1693 ne
912 1660 947 1693 in
984 1660 1095 1693 istam
1133 1659 1319 1694 haeresim
1358 1659 1611 1695 delaberetur.
1647 1659 1773 1701 Augu-

263 1715 385 1749 stinus
413 1716 648 1752 metuebatf’)
690 1727 762 1760 qua
791 1717 837 1751 de
866 1727 982 1751 causa
1010 1717 1078 1751 liac
1107 1717 1271 1760 epistula
1301 1717 1595 1761 Pelagianorum
1624 1721 1773 1750 contro-

263 1773 421 1811 versias.
442 1784 518 1818 qua
542 1784 610 1816 par
631 1780 711 1808 erat
737 1773 960 1810 subtilitate.
985 1775 1165 1817 exposuit
1186 1780 1234 1815 et,
1256 1774 1346 1819 quid
1369 1774 1568 1809 catholicis
1592 1774 1770 1819 placeret.

261 1830 462 1865 duodecim
497 1831 698 1865 sententiis
733 1832 1031 1875 comprehendit,
1066 1843 1160 1877 quas
1194 1833 1224 1867 si
1258 1832 1396 1867 vitalis
1429 1843 1579 1877 quoque
1614 1836 1772 1870 teneret.

264 1888 405 1922 nullum
433 1889 588 1922 omnino
618 1899 812 1924 remanere
843 1889 940 1924 inter
969 1890 1073 1932 ipsos
1101 1890 1147 1925 de
1178 1890 1247 1924 hac
1280 1890 1503 1934 quaestione
1533 1890 1768 1925 certamenf’l

263 1945 298 1978 itl
327 1945 468 1980 factum
497 1953 551 1980 est
584 1948 783 1990 inprobata
812 1947 884 1981 iam
913 1954 949 1981 et
979 1948 1159 1982 damnata
1189 1948 1398 1992 pelagiana
1426 1948 1615 1985 haeresis·
1647 1948 1684 1982 id
1713 1951 1770 1981 est

262 2009 350 2045 post
375 2003 512 2037 Zosimi
541 2015 664 2047 papae
694 2005 912 2038 tractoriam
940 2006 1063 2039 medio
1089 2016 1190 2039 anno
1215 2007 1282 2038 418
1307 2006 1495 2039 emissam.
1534 2011 1647 2049 atque
1674 2005 1770 2039 adeo

262 2069 338 2093 non
365 2060 446 2095 sine
474 2060 574 2095 iusta
600 2072 717 2096 causa
745 2062 988 2097 contenderis
1016 2063 1129 2097 etiam
1157 2063 1320 2106 epistula
1349 2063 1414 2096 5215
1442 2063 1537 2097 lianc
1566 2062 1769 2105 epistulam

262 2127 345 2152 esse
376 2118 638 2160 posteriorem.
682 2119 730 2154 ibi
761 2120 860 2154 enim
892 2131 975 2154 cum
1008 2120 1245 2164 Augustinus
1275 2120 1481 2155 Valentino
1515 2119 1701 2163 epistulas
1734 2124 1771 2154 et

262 2175 406 2218 s‹·ripta
430 2177 705 2219 suppeditaret.
730 2188 826 2221 quae
851 2177 1070 2222 Pelagianis
1094 2178 1325 2221 repellendis
1348 2178 1433 2212 usui
1457 2187 1540 2212 esse
1567 2177 1767 2220 possent.⁵)

261 2232 464 2275 epistulam
499 2233 547 2267 ad
586 2234 748 2268 Vitalem
787 2246 861 2269 non
897 2236 1221 2280 cpinmemoravit,
1257 2235 1293 2270 id
1329 2235 1430 2280 quod
1464 2245 1548 2270 euin
1585 2245 1660 2268 non
1695 2234 1769 2268 fac-

261 2293 385 2324 turum
418 2290 533 2324 fuisse
565 2291 744 2326 credibile
777 2297 844 2328 est.
875 2293 904 2326 si
936 2292 1001 2326 illa
1029 2292 1196 2335 epistula
1224 2297 1314 2327 tune
1344 2293 1418 2327 iarn
1448 2292 1586 2327 fuisset
1614 2291 1769 2336 scripta.

261 2347 425 2391 (lenique
463 2347 624 2383 Maurini
660 2349 872 2388 iiescio,an
911 2351 1004 2385 bene
1042 2350 1276 2385 coniecerint
1314 2350 1449 2385 librum
1488 2350 1535 2384 de
1572 2350 1697 2393 gratia
1733 2352 1769 2383 et

261 2403 379 2439 libero
410 2406 579 2445 arbitrio,
609 2417 719 2450 quem
751 2407 861 2440 simul
893 2417 976 2442 cum
1008 2407 1174 2451 epistula
1204 2408 1270 2442 215
1303 2407 1518 2442 contectum
1550 2411 1586 2442 et
1618 2407 1666 2441 ad
1697 2406 1770 2440 Va-

404 2531 431 2573 ¹)
458 2530 556 2575 Aug.
576 2531 743 2566 Retract.
765 2532 798 2566 II
818 2533 864 2566 66
884 2537 920 2567 et
941 2533 997 2567 67.

403 2588 431 2631 ²)
458 2588 555 2633 Aug.
578 2589 745 2624 Retract.
769 2589 803 2624 II
824 2590 879 2624 65.

401 2645 428 2689 ³)
460 2655 494 2689 p.
529 2646 607 2687 402,
642 2647 707 2680 ⁶2-
734 2675 742 2682 .
994 2648 1023 2691 ⁴>
1053 2659 1087 2692 p.
1119 2649 1198 2692 387,
1229 2649 1262 2684 8.

402 2702 430 2746 ⁵)
457 2714 491 2748 p.
516 2705 594 2747 403,
620 2705 790 2742 13-404.
814 2707 850 2740 3-.
876 2706 952 2740 416.
980 2706 1128 2746 17—22;
1151 2706 1230 2749 421,
1257 2705 1403 2742 18—21.

401 2760 429 2793 ὓ)
459 2770 494 2803 p.
521 2762 600 2804 414,
630 2761 799 2806 15—416‚
828 2763 882 2797 22.
1127 2764 1154 2808 ⁷)
1186 2774 1221 2808 p.
1249 2764 1327 2809 406,
1356 2763 1456 2798 1-4.

400 2818 428 2860 ⁸)
458 2827 493 2861 p.
523 2818 601 2862 389,
631 2819 778 2864 4-390,
811 2820 864 2855 19.
