2078 3054
278 119 332 159 22
916 128 1055 163 Index
1082 128 1157 162 III.

280 247 393 281 latius
413 257 522 290 opus.
545 246 647 291 quod
673 245 890 290 Augustino
915 245 1101 288 promittit
1130 255 1252 289 neque
1277 244 1396 279 inulto
1423 249 1508 288 post
1535 244 1794 287 compositust}

280 304 552 347 intercedebat,
580 303 748 346 epistula
772 303 817 337 67
844 307 880 337 et
908 303 953 337 68
979 302 1119 337 missae
1151 308 1250 337 sunt.

420 361 687 405 Maximianus,
716 360 944 405 Bagaiensis
973 360 1192 404 episcopus,
1222 370 1307 394 cum
1338 361 1385 395 ob
1414 359 1521 394 varia
1556 359 1796 394 incommoda

278 419 508 463 episcopatu
539 430 578 454 se
608 418 880 462 abdicavisset⁷
911 418 1151 463 Augustinus
1181 422 1218 453 et
1250 417 1413 462 Alypius
1444 417 1612 460 epistula
1642 417 1686 452 69
1716 417 1798 452 eius

281 479 435 513 fratrem
457 477 674 512 castorium
696 477 1012 519 exhortabantur,
1032 480 1071 510 ut
1096 476 1177 519 ipse
1203 476 1240 510 in
1262 475 1392 510 fratris
1413 475 1539 510 locum
1563 475 1798 511 succederet.

281 535 345 569 illa
379 540 505 571 autem
545 534 769 570 Maximiani
804 534 997 569 abdicatio
1033 544 1078 569 eo
1114 534 1357 577 potissimum
1393 538 1478 567 orta
1514 543 1597 568 esse
1632 533 1798 568 videtur.

280 594 380 637 quod
409 594 445 627 in
480 593 578 627 actis
610 592 763 627 concilii
795 591 1009 626 Milevitani
1040 591 1092 625 VI
1127 592 1213 626 Kal.
1247 591 1483 635 Septembris
1515 602 1548 625 a.
1581 591 1649 625 402
1679 591 1798 626 habiti

282 651 456 695 legimus:
491 651 547 685 De
582 651 816 685 Maoeime'ano
849 653 978 684 (altem
1012 650 1219 693 Baqaiensi
1252 652 1290 683 et
1323 650 1371 683 ml
1405 659 1492 683 eum
1524 652 1562 683 et
1594 650 1643 683 cul
1679 650 1799 693 ipsam

280 710 430 753 plebem
462 710 608 754 placuit
640 710 688 743 (Ie
722 709 886 743 concilio
918 709 1067 743 litteras
1099 709 1195 750 (lari,
1230 712 1271 743 ut
1305 711 1343 742 et
1377 709 1458 752 Ipse
1492 708 1540 741 ab
1572 709 1799 752 episcopatu

280 768 457 802 discedat
483 771 521 802 et
547 767 603 802 illi
628 767 701 802 sibi
727 767 844 802 alium
872 766 1111 811 requirant.²)
1153 777 1251 811 quae
1279 776 1363 800 cum
1392 766 1445 800 ita
1474 765 1562 810 sint,
1593 765 1800 810 Augustini

281 829 319 861 et·
339 826 455 870 Alypi
480 825 685 869 epistulam
710 825 825 869 paulo
849 830 934 868 post
960 825 1053 859 illud
1080 824 1283 859 concilium
1309 823 1493 868 scriptam
1518 834 1601 858 esse
1625 828 1800 867 apparet.

422 882 476 918 De
512 887 684 926 tempore
720 882 909 926 epistulae
943 883 988 917 70
1021 882 1115 916 nihil
1150 882 1254 916 aliud
1292 882 1410 916 statui
1444 885 1574 925 potest
1609 881 1682 916 nisi
1717 892 1800 916 eam

282 941 464 984 scriptam
498 951 594 985 esse⁷
626 944 880 985 posteaquam
916 951 949 974 a.
982 941 1050 975 397
1084 939 1302 975 Felicianus
1336 939 1569 974 Mustitanus
1601 950 1649 975 ex
1683 939 1802 974 Maxi-

281 999 399 1034 miani
429 999 635 1034 schismate
665 999 703 1034 in
733 999 883 1043 integro
913 1008 1045 1033 rursus
1074 998 1324 1042 episcopatus
1356 997 1414 1032 sui
1447 998 1591 1032 honore
1624 1009 1645 1032 a
1677 997 1803 1032 Dona-

282 1056 384 1091 tistis
411 1061 589 1101 receptus
620 1062 688 1097 est,
721 1056 758 1091 id
791 1057 892 1101 quod
926 1057 962 1090 in
997 1056 1164 1100 epistula
1195 1056 1427 1100 disputatur,
1459 1055 1533 1099 vel,
1566 1056 1597 1089 si
1631 1055 1724 1100 quid
1755 1065 1801 1090 ex

283 1115 436 1150 silentio
472 1115 647 1150 conicere
683 1114 783 1158 licet,
819 1120 905 1158 post
942 1125 975 1149 a.
1011 1115 1090 1158 400.
1127 1125 1201 1159 quo
1240 1114 1514 1149 Praetextatus
1551 1113 1802 1148 Assuritanus

282 1177 455 1207 mortuus
484 1183 567 1208 esse
596 1172 794 1216 videtui·‚³)
826 1172 968 1217 quippe
998 1172 1062 1217 qui
1092 1172 1130 1207 in
1163 1173 1296 1207 eadem
1326 1171 1553 1206 condicione
1583 1171 1696 1206 fuerit
1729 1182 1802 1216 qua

284 1230 511 1274 Felicianus,
545 1230 583 1265 in
614 1230 876 1274 superioribus
909 1230 1086 1273 epistulis
1116 1231 1155 1264 51
1191 1235 1227 1265 et
1257 1231 1302 1265 53
1333 1240 1483 1273 semper
1513 1240 1592 1264 una.
1621 1240 1705 1264 cum
1737 1229 1804 1264 Fe-

283 1287 422 1323 liciano
451 1289 679 1332 nominetur,
711 1288 750 1323 in
785 1288 855 1323 hac
888 1298 980 1323 vero
1013 1288 1179 1332 epistula
1212 1293 1251 1323 ut
1285 1289 1323 1323 in
1356 1287 1524 1332 epistula
1555 1288 1600 1322 76
1633 1287 1803 1322 sileatur.

284 1347 439 1391 quando
478 1351 605 1381 autem
647 1351 735 1390 post
775 1346 868 1381 illud
909 1350 1060 1390 tempus
1101 1346 1245 1390 scripta
1287 1346 1347 1390 sit,
1388 1356 1472 1380 cum
1514 1346 1616 1380 omni
1661 1345 1803 1380 indicio

284 1408 425 1440 careat.
458 1409 727 1449 praeterquam
762 1404 864 1449 quod
897 1408 1089 1439 recentem
1123 1404 1206 1439 eius
1239 1404 1294 1439 rei
1326 1403 1548 1439 memoriam
1587 1403 1804 1448 significare

284 1461 474 1506 videatur,
500 1462 644 1497 frustra
668 1462 882 1506 perquiras.

426 1520 640 1564 Epistulam
671 1521 712 1555 71
748 1520 989 1564 Augustinus
1022 1520 1218 1565 Cypriano
1250 1520 1414 1555 diacono
1447 1520 1495 1555 ad
1529 1519 1804 1564 Hieronymum

286 1578 554 1621 perferendam
593 1578 701 1613 deditv
737 1588 898 1622 sperans
938 1589 1023 1613 eum
1062 1578 1286 1623 Hieronymi
1325 1587 1552 1621 responsum
1591 1588 1675 1613 esse
1712 1577 1806 1616 rela-

286 1636 472 1679 turu1n;⁴)
524 1637 648 1680 ipsum
679 1636 786 1672 enim
825 1636 922 1671 duas
961 1637 1035 1670 iam
1072 1636 1260 1680 epistulas
1297 1636 1460 1672 misisse.
1497 1636 1639 1670 nullam
1678 1640 1805 1671 autern

286 1692 511 1739 Hieronymi
542 1698 676 1737 postea
707 1694 915 1738 recepIsse:
947 1694 1101 1729 easdem
1136 1694 1242 1738 ipsas
1274 1694 1390 1739 igitur
1421 1704 1553 1728 rursus
1585 1705 1624 1729 se
1655 1693 1807 1728 mittere

287 1751 385 1787 velle
406 1752 625 1788 credentem
649 1762 715 1787 eas
738 1762 813 1787 non
838 1752 1078 1796 pervenisse:
1103 1752 1265 1797 primam
1290 1753 1417 1789 etiam.
1446 1763 1557 1797 quam
1584 1752 1699 1787 etiam
1728 1756 1805 1786 tuin

287 1809 489 1853 presbyter
522 1809 849 1853 praeparavisset,
882 1810 949 1845 sed
982 1810 1187 1854 perlatoris
1220 1821 1337 1845 causa
1370 1810 1522 1845 mittere
1558 1809 1807 1855 nequivisset.

288 1871 378 1903 tune
411 1868 562 1903 mittere
595 1868 739 1912 velle.⁵)
785 1879 883 1913 quae
915 1873 992 1903 tres
1026 1868 1215 1912 epistulae
1250 1873 1336 1903 sunt
1371 1868 1537 1912 epistula
1574 1868 1629 1902 ⁶28.
1662 1869 1717 1902 40.
1753 1869 1808 1902 67.

290 1926 530 1969 Augustinus
572 1926 688 1971 igitur
731 1937 816 1961 culn
861 1926 1045 1961 scriberet
1085 1926 1291 1970 epistulam
1334 1927 1389 1970 71,
1432 1926 1601 1961 nondum
1644 1926 1806 1960 babebat

287 1984 492 2028 epistulam
512 1984 568 2027 68,
588 1984 685 2018 sicut
706 1984 964 2028 Hieronymus
985 1995 1068 2019 cum
1091 1984 1272 2019 scriberet
1297 1984 1501 2028 epistulam
1522 1985 1579 2020 68.
1602 1984 1809 2027 responde-

291 2042 356 2076 bat
374 2041 563 2085 epistulae
584 2042 628 2076 67
648 2053 771 2087 neque
792 2043 881 2076 dum
904 2046 1064 2077 noverat
1087 2042 1292 2086 epistulam
1315 2043 1369 2076 71.
1407 2042 1535 2087 itaque
1558 2042 1744 2085 epistulas
1765 2042 1803 2075 71

291 2103 328 2133 et
365 2100 410 2134 68
448 2099 559 2134 simul
599 2100 636 2134 in
674 2100 740 2134 via
778 2100 895 2135 fuisse
937 2104 975 2135 et
1013 2100 1146 2135 eodem
1187 2100 1265 2135 fere
1307 2105 1479 2144 tempore
1518 2100 1682 2143 scriptas
1725 2111 1808 2135 esse

292 2155 539 2201 intellegitur,
567 2157 606 2192 id
633 2162 692 2192 est
719 2169 752 2192 a.
780 2157 976 2193 &OQ—203.

433 2214 580 2250 Deinde
621 2216 670 2259 id.
709 2216 811 2260 quod
852 2216 1092 2260 Augustinus
1130 2220 1367 2259 speraverat.
1407 2216 1550 2251 evenit:
1592 2216 1809 2260 Cyprianus

292 2273 496 2315 epistulam
526 2273 567 2307 71
595 2272 830 2318 Hieronymo
858 2274 1024 2309 reddidit
1055 2278 1092 2309 et.
1118 2274 1376 2318 Hieronymus
1403 2274 1642 2318 respondens
1668 2273 1811 2317 epistu-

434 2387 461 2419 ¹=
491 2387 603 2422 Liber
645 2388 782 2423 tertius
827 2389 888 2423 vel
934 2389 1066 2424 ultima
1111 2389 1311 2432 responsio
1356 2389 1579 2434 Hieronymi
1625 2389 1811 2423 advers-u>⁴

295 2444 438 2488 scripta
462 2444 588 2480 Rufini
619 2445 762 2490 (Migne
791 2446 927 2490 patrol.
954 2447 1019 2481 lat.
1046 2446 1172 2481 XXIII
1203 2458 1238 2491 p.
1266 2447 1480 2491 457—492).

434 2502 463 2539 ²)
495 2502 617 2538 Mansi
646 2503 781 2538 concil.
812 2503 896 2538 coll.
926 2504 979 2538 III
1009 2514 1046 2548 p.
1076 2505 1143 2539 787
1170 2504 1213 2539 A.

434 2560 463 2604 ³)
495 2561 734 2605 Augustinus
766 2562 805 2596 in
840 2561 936 2596 libro
969 2563 1016 2597 de
1050 2562 1198 2597 unitate
1232 2562 1428 2597 ecclesiae.
1463 2574 1573 2607 quem
1610 2574 1710 2597 :inno
1746 2563 1813 2596 -102

296 2618 514 2653 adtribuere
539 2619 677 2654 solent:
702 2620 840 2654 Nonne
864 2621 1135 2655 Praeteoetatns
1159 2620 1422 2659 Assurz’tcmus,
1446 2622 1483 2655 in
1509 2631 1583 2665 quo
1607 2622 1812 2655 damnatus

297 2680 378 2710 erat
413 2677 568 2719 honore,
607 2680 812 2720 susceptus
852 2681 889 2712 et
930 2679 967 2712 in
1009 2681 1138 2712 restra
1179 2679 1446 2712 commitm'moe
1485 2678 1691 2718 defunctus
1732 2677 1813 2712 est?

301 2732 443 2777 (Migne
466 2734 604 2778 patrol.
632 2733 697 2768 lat.
725 2733 847 2768 XLIII
878 2746 912 2779 p.
940 2735 1017 2771 426.
1046 2736 1213 2770 39—43).

438 2791 466 2825 ⁴>
518 2803 551 2835 p.
577 2792 654 2835 248.
682 2792 831 2836 5-249.
857 2793 886 2826 1.
1073 2793 1101 2838 ⁵)
1132 2802 1166 2836 p.
1193 2794 1270 2837 249,
1295 2793 1442 2837 8-250,
1471 2795 1501 2828 4.
