2078 3054
881 145 1022 181 Index
1049 143 1112 179 VI.

275 275 403 304 sumus
428 266 479 301 III
503 265 559 309 32,
582 264 638 299 20.
663 259 983 298 sufficientissime

274 323 488 362 ostenditur
515 322 548 357 II
577 322 653 366 101,
681 321 735 356 24.

228 393 458 430 sufficientia
509 401 632 427 rerum
684 399 750 424 net
790 387 985 422 {satiatum

275 451 328 486 III
351 451 407 494 53,
430 451 465 493 73
484 450 536 499 ,Cf-
561 448 615 483 *9.
641 448 694 482 17.
717 447 772 490 54,
796 445 827 480 6.
850 444 907 489 55,
930 443 984 478 10.

275 509 330 553 63,
368 508 421 543 18.
460 507 510 541 IV
547 505 626 550 628,
665 505 695 539 1.
733 500 986 538 *sufficientia

276 570 407 601 nostra
430 575 476 600 ex
501 564 573 599 deo
597 567 654 599 est
678 561 732 596 111
754 561 832 604 657,
857 559 910 597 12.
933 558 984 592 IV

277 624 331 667 49,
358 623 414 666 113
440 623 485 663 cs.
512 621 586 665 191,
613 621 644 655 2.

231 686 398 722 sufflare:
439 695 578 720 nomen
617 683 869 727 Anaxagorae
910 690 987 715 om-

276 754 343 779 nes
383 742 594 777 litteriones
632 739 793 775 libenter
831 736 988 773 sufflant

280 807 334 845 (z
352 799 510 844 iactant)
562 798 596 833 II
647 797 727 842 690,
776 797 810 832 3.
861 794 988 830 anima

278 858 432 893 sufflata.
477 860 535 892 est
581 855 700 900 primo
747 853 889 889 homini
936 850 989 886 III

277 916 356 959 538,
384 916 438 950 10.

232 988 437 1025 suggerere
488 987 573 1012 cum
624 976 737 1011 com:
787 974 885 1008 hanc
936 971 989 1006 illi

279 1046 442 1082 suggero
469 1033 646 1071 exhibeas
671 1031 913 1068 dilectionem
936 1028 989 1064 III

278 1094 357 1138 691,
383 1093 437 1128 22.

233 1156 443 1203 suggestio:
495 1166 541 1190 ne
592 1155 844 1199 importuna-m
895 1149 990 1186 arbi-

281 1214 431 1250 tremini
472 1213 533 1248 vel
575 1210 886 1247 intercessionem
927 1207 989 1243 vel

281 1271 564 1317 suggestionem
600 1269 662 1304 vel
698 1266 990 1303 sollicitudinem

281 1334 449 1364 nostram
482 1328 534 1362 III
566 1328 621 1370 83,
656 1327 712 1368 19;
747 1326 793 1367 cf.
827 1324 878 1358 IV
912 1324 991 1367 577,

282 1387 334 1421 15.
365 1387 497 1421 turbae
531 1388 568 1420 et
598 1383 796 1419 molestiae
828 1393 875 1417 ex
906 1390 991 1425 sug-

280 1442 516 1488 gestionibus
549 1441 746 1476 venientes
779 1439 832 1474 III
862 1439 940 1481 491,
971 1438 992 1473 6

281 1501 454 1545 (Evod.)‚·
486 1500 532 1549 cf.
566 1500 617 1533 IV
650 1499 703 1542 11,
736 1499 790 1532 25.
824 1498 903 1541 413,
936 1496 991 1530 26.

237 1564 433 1599 summitas
473 1562 683 1598 maiestatis
725 1561 776 1595 IV
817 1561 895 1604 514,
937 1559 992 1602 27,

283 1620 614 1665 contemplationis
642 1619 675 1653 II
702 1619 781 1662 707,
808 1618 862 1653 24.

237 1695 362 1729 super:
391 1683 549 1719 *testem
576 1683 688 1717 deum
714 1682 852 1717 invoco
881 1689 994 1724 super

283 1742 446 1776 animam
482 1750 604 1775 meam
640 1739 674 1774 II
711 1739 789 1782 224,
826 1739 879 1772 14.
914 1737 993 1781 344,

285 1799 338 1834 15.
366 1798 419 1834 III
444 1799 523 1842 487,
551 1798 604 1832 11.
633 1797 684 1832 IV
710 1797 796 1839 588ἶ
816 1795 871 1833 23.
899 1795 993 1830 deus

285 1866 397 1900 super
436 1866 502 1891 eos
543 1865 632 1890 suae
672 1853 878 1898 patientiae
918 1862 994 1886 non

285 1913 522 1950 obliviscitur
560 1912 612 1947 III
647 1912 726 1955 402,
761 1911 797 1954 53
833 1912 879 1952 cf.
916 1910 994 1953 404,

284 1972 317 2005 3.
358 1970 616 2005 benedicendo
660 1978 772 2012 super
814 1967 994 2013 populum

285 2028 411 2063 dicere
451 2027 504 2061 III
542 2027 620 2069 660,
659 2026 695 2069 6;
736 2025 781 2066 cf.
821 2025 900 2067 659,
942 2024 994 2059 13.

285 2084 432 2120 Ιίἱπιιῐη
458 2094 570 2128 super
608 2082 875 2128 explanatione
914 2082 994 2116 eius

287 2143 324 2185 (ι’.
352 2153 382 2177 e.
412 2141 612 2186 epistulae)
641 2140 829 2185 complere
857 2139 890 2173 II
917 2138 995 2182 286,

286 2200 308 2233 5
347 2200 396 2243 (υ.
434 2200 456 2234 l.
497 2198 823 2243 explanationem:
864 2196 994 2240 Hier.).

286 2277 332 2282 -—
360 2266 471 2300 super
498 2256 659 2291 invicem
689 2265 723 2290 v.
751 2254 925 2290 invicem.

242 2320 563 2365 superabundare:
590 2319 675 2354 *ubi
700 2317 911 2354 abundavit
934 2316 996 2352 de-

287 2378 429 2421 lictum,
490 2376 815 2422 superabundavit
871 2373 999 2420 gratia

289 2435 323 2469 II
349 2434 428 2478 372,
454 2435 488 2470 8.
516 2434 567 2469 III
595 2434 675 2477 354,
703 2434 757 2469 18.
785 2433 863 2475 465,
892 2432 924 2467 6.
954 2430 997 2465 22

289 2492 352 2533 al.;
381 2492 426 2532 cs.
456 2492 509 2526 III
535 2492 615 2535 355,
645 2491 698 2525 11.
727 2490 805 2534 452,
833 2490 888 2525 23.
918 2488 997 2531 614,

290 2549 321 2582 7.
350 2548 402 2583 IV
431 2548 508 2592 142,
536 2549 590 2583 20.

244 2611 572 2655 superaedificare:
608 2611 668 2645 *in
702 2610 784 2655 ipso
819 2608 998 2653 (Christo)

290 2667 480 2704 ambulate
528 2667 689 2703 radicati
736 2670 774 2703 et
825 2676 998 2712 superae-

290 2725 433 2761 dificati
462 2725 500 2760 in
528 2725 610 2770 ipso
640 2725 692 2759 III
719 2725 800 2768 370,
826 2724 882 2759 22.

245 2787 464 2832 superbire:
524 2787 616 2833 quid
672 2790 732 2823 est
788 2785 1000 2830 absurdius,

313 2855 412 2882 Lvul.
431 2856 616 2889 Augustinus.
635 2853 896 2889 (Goldlneher.)

1685 125 1768 168 417

1065 268 1176 303 quam
1206 257 1399 293 mulierem
1430 257 1476 291 de
1507 255 1638 291 humili
1666 257 1774 290 veste

1064 316 1147 367 viro
1185 314 1401 360 superbire?
1439 314 1489 348 IV
1526 313 1604 356 629,
1640 313 1672 347 4.

1020 374 1289 418 superducere:
1325 372 1501 415 (iudices)
1533 371 1777 405 *iudicabant

1066 440 1136 466 nos
1182 430 1435 475 superducere
1482 429 1519 463 in
1563 438 1632 463 nos
1679 427 1777 462 mala

1068 498 1206 534 magna
1233 488 1267 522 II
1293 487 1372 531 649,
1401 487 1454 521 11.
1482 486 1621 520 vulnus
1650 495 1776 529 super-

1067 545 1223 581 ductum
1251 547 1337 580 cute
1366 544 1417 579 1V
1444 544 1522 587 468,
1550 544 1570 578 4
1595 543 1776 587 (Prosp.).

1021 602 1314 648 supereminere:
1365 601 1526 636 *caritas
1577 600 1778 645 superemi—

1069 665 1135 697 net
1160 660 1343 695 scient-iae
1370 663 1408 694 et
1436 659 1498 693 illa
1526 658 1611 692 huic
1639 658 1778 692 incom-

1070 717 1288 762 parabiliter
1313 716 1596 761 supereminens
1623 715 1675 749 III
1699 715 1778 758 320,

1069 775 1100 810 6.
1124 776 1157 810 9.

1024 831 1371 877 *superexaltemus
1417 841 1500 866 eum
1547 832 1595 873 (i.
1640 840 1670 865 e.
1715 830 1779 864 do-

1069 888 1226 933 minum)
1252 889 1290 924 in
1315 888 1468 924 saecula
1491 888 1541 922 IV
1566 888 1643 931 483,
1668 888 1699 921 9.

1025 946 1309 992 *superexultat
1345 945 1606 981 misericordia
1641 944 1780 980 iudicio

1070 1004 1124 1039 III
1147 1005 1227 1048 483,
1253 1004 1307 1038 17.
1332 1003 1411 1047 607,
1437 1004 1466 1038 1.
1491 1003 1527 1045 33
1553 1003 1599 1043 cf.
1626 1002 1677 1036 III
1702 1001 1780 1045 227.

1071 1062 1126 1096 21.
1154 1062 1233 1106 607,
1262 1062 1316 1096 17.

1025 1119 1258 1164 superficies:
1288 1117 1478 1163 profunda
1504 1117 1655 1152 rimanti
1684 1116 1782 1152 solu-

1072 1177 1188 1212 tionis
1215 1187 1343 1212 earum
1376 1177 1412 1219 (i.
1438 1186 1468 1211 e.
1496 1175 1778 1221 quaestionum)

1073 1234 1295 1279 superficies
1316 1244 1556 1278 nequaquam
1579 1237 1638 1267 sat
1658 1237 1717 1268 est
1731 1232 1782 1266 IV

1071 1293 1128 1336 83,
1154 1293 1186 1326 4.
1213 1292 1272 1325 vir
1299 1291 1396 1326 bone
1425 1294 1461 1326 et
1487 1301 1564 1325 non
1591 1290 1628 1325 in
1656 1300 1782 1334 super-

1072 1349 1155 1384 ficie
1219 1348 1286 1384 sed
1347 1348 1562 1383 Christiana
1623 1348 1783 1383 caritate

1073 1406 1286 1442 Christiane
1319 1406 1370 1440 IV
1400 1406 1479 1449 508,
1511 1406 1564 1440 25.

1028 1464 1218 1509 superfluo
1244 1464 1370 1499 facere
1393 1463 1426 1497 II
1449 1463 1528 1506 425,
1553 1463 1605 1498 14.
1629 1462 1682 1496 III
1704 1462 1783 1504 550,

1076 1522 1130 1565 12,
1153 1522 1293 1564 dicere,
1317 1521 1527 1564 disputare,
1550 1521 1724 1555 laborare
1749 1519 1783 1553 II

1074 1579 1152 1623 461,
1181 1579 1234 1613 10.
1262 1578 1314 1612 III
1341 1578 1419 1621 319,
1448 1579 1500 1612 17.
1528 1578 1607 1621 558,
1635 1577 1689 1611 11.

1028 1636 1248 1681 superindui
1277 1635 1549 1671 inmortalitate
1578 1635 1629 1669 IV
1661 1635 1737 1678 174,
1751 1635 1784 1669 9.

1028 1693 1338 1738 superinponere:
1390 1702 1458 1727 nec
1509 1692 1784 1737 superinponas

1075 1760 1227 1786 sensum
1272 1754 1377 1785 tuum
1422 1748 1595 1785 sensibus
1639 1749 1785 1784 divino-

1075 1819 1157 1843 rum
1190 1808 1371 1850 librorum
1405 1807 1459 1841 III
1491 1808 1568 1851 633,
1603 1808 1634 1842 5.

1029 1865 1216 1909 superius:
1247 1875 1359 1909 quam
1391 1865 1564 1909 superius
1596 1866 1650 1908 (z
1668 1864 1785 1909 prius)

1075 1922 1257 1958 beneficio
1290 1932 1358 1957 suo
1389 1926 1546 1957 matrem
1578 1923 1722 1957 fecerat
1751 1921 1786 1956 11

1075 1980 1154 2022 450,
1180 1980 1211 2014 7.
1238 1980 1276 2014 in
1301 1979 1445 2024 psalmo
1472 1979 1585 2025 paulo
1612 1979 1784 2023 superius

1076 2036 1215 2071 dicitur
1249 2037 1283 2071 II
1317 2037 1396 2081 453,
1432 2037 1489 2080 10;
1525 2037 1570 2077 cf.
1606 2047 1639 2071 v.
1675 2038 1697 2071 l.
1734 2036 1785 2070 III

1076 2093 1154 2137 282,
1182 2094 1236 2129 20.

1031 2156 1334 2200 superordinare:
1360 2156 1652 2191 *testamentum
1677 2166 1785 2191 nemo

1078 2213 1345 2257 superordinat
1374 2214 1425 2248 IV
1455 2214 1533 2257 223,
1563 2214 1617 2249 23.

1031 2270 1281 2314 superridere:
1329 2270 1422 2316 *ego
1469 2274 1621 2306 vestrae
1667 2270 1786 2315 perdi—

1078 2328 1171 2363 tioni
1218 2327 1462 2372 superridebo
1509 2328 1561 2362 III
1607 2328 1684 2371 222,
1732 2328 1786 2363 21.

1078 2384 1155 2429 228,
1188 2385 1242 2419 14.

1032 2442 1301 2486 supervestire:
1349 2442 1448 2478 *non
1493 2442 1677 2487 expoliari
1721 2441 1787 2477 sed

1079 2500 1326 2544 supervestiri
1357 2500 1410 2534 III
1441 2500 1517 2543 167,
1550 2500 1603 2534 12.

1032 2555 1358 2601 *supervincimus
1396 2566 1462 2601 per
1499 2567 1595 2599 eum,
1632 2556 1695 2601 qui
1734 2556 1787 2591 di-

1078 2613 1171 2649 lexit
1197 2623 1266 2649 nos
1292 2613 1346 2648 III
1370 2614 1448 2657 271,
1474 2614 1506 2649 8.
1534 2614 1612 2657 491,
1639 2614 1692 2648 14.

1033 2670 1319 2714 supervolemus
1346 2671 1504 2706 terrenis
1531 2669 1665 2715 opibus
1691 2670 1707 2704 I
1730 2670 1786 2712 36,

1034 2784 1254 2829 supputatio
1286 2784 1471 2820 canonica
1501 2784 1535 2818 II
1568 2784 1644 2827 176,
1676 2784 1729 2819 13.

1517 2852 1558 2886 27
