2078 3054
344 146 420 178 LIV
987 144 1228 176 lum-lario.

344 261 433 303 195.
471 262 566 302 123.
603 260 667 301 72.
705 262 769 302 71.
808 260 871 302 ῙῙ).
899 261 964 301 32.
993 259 1072 300 166
1097 260 1306 313 [quartam
1332 266 1496 302 tantum
1522 265 1682 315 partem
1705 275 1745 315 p.
1769 262 1865 304 545.

338 326 521 377 6-555,
562 324 586 365 6
611 325 892 378 prophetam).
933 324 1027 365 202.
1066 324 1114 364 71
1152 324 1354 377 (χίῐθτυω).
1398 331 1526 378 atque
1559 324 1629 366 ille
1659 329 1759 367 ante
1790 325 1867 368 has

339 389 542 444 epistulas
580 388 707 430 habet
746 389 871 429 etiam
912 401 974 442 ep.
1005 388 1098 440 172,
1139 387 1205 429 1110
1245 394 1338 443 post
1371 388 1595 443 epistulam
1631 388 1684 428 72
1717 388 1866 431 iterum

339 453 561 507 epistulam
594 452 650 492 40
692 466 745 493 ex
788 453 870 493 alio
914 452 1146 506 exemplari
1191 453 1503 507 transcriptam.
1549 453 1669 494 cuius
1711 452 1867 496 codicis

338 518 520 571 epistula
562 516 642 557 166
681 529 774 557 cum
815 516 918 556 nihil
951 515 1037 557 fere
1071 514 1257 557 differret
1290 518 1343 558 ab
1378 516 1582 570 Augiensi
1615 517 1706 569 LII.
1754 517 1867 559 nullo

338 580 591 622 detrimento
630 593 721 621 eam
761 580 929 634 neglegi
963 592 1087 633 posse
1122 581 1267 622 censui
1303 581 1497 633 idemque
1531 580 1609 621 feci
1643 580 1684 621 in
1718 580 1869 622 iterata

338 645 520 699 epistula
554 644 619 684 71.
654 657 790 696 neque
824 644 1016 685 iteratam
1051 644 1275 698 epistulam
1309 644 1365 684 40
1398 645 1438 685 in
1471 650 1722 699 apparatum
1756 644 1866 686 criti-

338 721 432 749 cum
466 708 618 762 recepi,
660 721 713 748 ne
753 707 1082 761 supervacaneis
1115 707 1240 748 rebus
1275 721 1369 749 eum
1403 721 1634 750 onerarem.
1652 708 1685 762 ¹)
1726 708 1767 749 hi
1800 722 1866 751 co-

337 771 452 814 dices
484 772 694 813 artissimo
726 771 992 826 cognationis
1026 771 1193 812 vinculo
1226 778 1324 813 sunt
1358 772 1583 823 coniuncti,
1628 777 1673 814 ut
1699 785 1868 827 perraro

337 836 446 877 inter
484 849 528 877 se
568 835 778 887 differant,
823 840 863 876 et
902 834 1086 876 inedium
1126 834 1339 888 quendam
1374 836 1509 877 locum
1543 835 1652 877 inter
1683 836 1766 877 duo
1798 837 1868 877 illa

338 899 527 941 codicum
559 912 717 952 genera
748 900 953 941 obtinent.
999 912 1091 940 cum
1129 899 1169 939 in
1203 899 1298 940 aliis
1332 899 1527 953 epistulis
1560 913 1654 941 curn
1686 899 1867 942 deterio-

336 964 454 1004 ribus
491 963 755 1017 potissimum
794 962 1011 1004 codicibus
1050 968 1291 1016 congruunt
1328 968 1373 1004 ut
1411 963 1451 1004 in
1492 976 1557 1018 ep.
1589 964 1655 1005 71.
1700 963 1765 1005 73.
1801 964 1866 1004 74.

344 1027 435 1068 166.
478 1027 567 1079 172,
610 1027 650 1067 111
690 1027 784 1069 aliis
824 1040 917 1068 cum
957 1026 1201 1068 melioribus
1239 1031 1284 1067 ut
1323 1026 1362 1067 in
1404 1041 1468 1081 ep.
1493 1027 1560 1068 40.
1596 1027 1663 1068 67.
1699 1027 1765 1068 68.
1800 1027 1867 1080 72,

338 1091 380 1132 in
419 1104 483 1146 ep.
514 1091 568 1131 28
613 1090 736 1132 niodo
779 1104 873 1131 cum
918 1090 982 1132 his
1025 1090 1148 1133 modo
1193 1103 1287 1132 cum
1329 1091 1433 1143 illis;
1475 1091 1515 1132 in
1551 1105 1615 1145 ep.
1642 1091 1695 1131 7ἴ)
1726 1097 1868 1133 autem

340 1155 396 1196 ita
429 1169 472 1197 se
505 1168 571 1196 res
604 1154 744 1208 habet,
779 1160 824 1196 ut
858 1154 968 1209 prior
1001 1154 1091 1196 eius
1126 1168 1222 1209 pars
1254 1168 1390 1208 usque
1422 1154 1476 1196 ad
1509 1169 1547 1210 p.
1573 1155 1656 1196 306
1695 1169 1748 1196 ex
1782 1155 1869 1198 solo

338 1220 426 1261 sere
464 1219 519 1261 sit
555 1219 763 1260 deteriore
802 1232 971 1271 genere,
1016 1219 1223 1272 posterior
1261 1232 1314 1261 ex
1346 1219 1530 1261 meliore.
1574 1219 1782 1273 epistulae
1815 1219 1865 1259 71

337 1283 520 1336 denique
563 1297 656 1324 cum
699 1282 782 1323 duo
824 1287 970 1323 extent
1013 1283 1223 1337 exempla,
1271 1283 1387 1337 prius
1434 1282 1655 1325 deterioris
1699 1283 1869 1337 generis

338 1360 432 1390 esse
473 1347 596 1390 modo
638 1346 839 1398 diximus,
883 1346 1094 1400 posterius
1137 1346 1323 1389 melioris
1365 1360 1460 1390 esse
1503 1352 1632 1401 patet.
1674 1347 1728 1388 ad
1762 1360 1869 1401 quae

336 1410 579 1453 addendum
623 1410 791 1452 videtur
832 1417 1046 1465 postrema
1088 1410 1297 1465 epistulae
1327 1411 1383 1452 40
1426 1411 1558 1452 verba
1600 1411 1680 1453 nisi
1723 1411 1764 1452 in
1803 1411 1869 1454 his

337 1474 557 1517 codicibus
595 1480 637 1517 et
675 1475 715 1516 in
750 1474 942 1516 Parisino
979 1474 1129 1527 12163,
1171 1474 1416 1517 Monacensi
1451 1475 1577 1527 6266,
1611 1474 1869 1517 Audomaro-

337 1539 521 1593 politano
556 1539 621 1591 76,
655 1538 849 1580 Parisino
882 1552 979 1579 nov.
1002 1552 1094 1592 aeq.
1124 1539 1246 1590 1444,
1290 1538 1331 1580 id
1364 1544 1427 1581 est
1459 1539 1502 1580 in
1534 1538 1653 1581 libris
1685 1539 1870 1582 melioris

335 1603 505 1657 generis
546 1616 629 1645 non
674 1616 768 1645 esse
810 1602 977 1643 tradita.
1022 1602 1156 1644 codex
1199 1608 1342 1644 autem
1387 1603 1616 1658 Augiensis
1657 1603 1736 1644 LII
1775 1616 1867 1658 per-

337 1667 513 1708 multum
558 1667 848 1721 corrigebatur
889 1680 914 1708 a
956 1667 1126 1709 librario
1169 1667 1275 1721 ipso,
1319 1666 1474 1709 deinde
1515 1667 1601 1709 alia
1641 1681 1770 1709 manu
1811 1667 1870 1708 illi

337 1730 551 1773 simillima
583 1731 654 1785 (m.
678 1732 737 1783 2),
781 1744 908 1784 quam
950 1731 1171 1784 aequalem
1211 1731 1344 1772 fuisse
1382 1737 1423 1772 et
1461 1730 1651 1773 eiusdem
1690 1731 1870 1774 sortasse

336 1795 591 1850 exemplaris
623 1809 702 1849 ope
736 1794 974 1837 correxisse
1006 1795 1168 1849 opinor.
1202 1794 1315 1836 unde
1339 1794 1474 1836 codex
1500 1795 1553 1837 sit
1575 1794 1868 1850 transcriptus.

394 1860 679 1901 Transeamus
711 1858 811 1901 inde
843 1858 896 1900 ad
930 1859 1109 1900 alterum
1144 1859 1342 1900 librorum
1377 1873 1475 1900 mss.
1510 1872 1598 1913 par7
1632 1858 1685 1899 ad
1717 1859 1868 1914 Hispa-

340 1923 509 1965 nienses
541 1923 647 1965 duos
679 1922 858 1973 codices.
892 1922 1296 1964 Eseorialensem
1319 1922 1351 1963 ἃ
1379 1924 1393 1964 Ι
1433 1924 1488 1963 14
1511 1936 1619 1964 saec.
1645 1923 1870 1965 VIII—IX

337 1992 378 2029 et
410 1987 816 2028 Eseorialensem
848 2000 873 2027 a
896 1987 942 2028 II
975 1987 1000 2026 3
1033 2000 1144 2028 saec.
1171 1987 1207 2028 X
1236 1987 1342 2041 ex.²)
1376 2000 1553 2040 quorum
1586 1986 1654 2027 ille
1686 1986 1872 2028 eontinet

338 2051 544 2105 epistulas
576 2051 643 2092 67.
677 2051 745 2092 68.
780 2051 847 2092 39.
885 2050 951 2091 74.
992 2050 1044 2091 73
1083 2050 1326 2103 (mutilam).
1368 2050 1436 2092 28.
1477 2051 1543 2091 72.
1583 2051 1649 2091 40.
1695 2049 1762 2092 71.
1801 2050 1868 2091 75.

337 2115 403 2156 81.
439 2116 505 2156 82.
546 2114 635 2156 166,
677 2115 767 2156 167.
814 2115 904 2156 172,
951 2114 1038 2156 195.
1082 2115 1176 2166 123,
1216 2113 1282 2155 1110
1321 2114 1544 2169 epistulam
1589 2113 1679 2165 138,
1712 2114 1869 2168 epistu-

337 2179 469 2221 larum
508 2179 588 2219 1:35
621 2183 662 2220 et
699 2178 773 2219 137
816 2178 974 2232 exigua
1011 2178 1266 2232 fragmenta,
1310 2192 1374 2233 ep.
1411 2178 1464 2218 73
1502 2177 1761 2232 (integram).
1802 2177 1868 2219 78.

338 2243 405 2284 81.
440 2242 507 2285 82.
549 2243 637 2284 16⁸3.
675 2243 768 2284 167.
808 2243 899 2283 172.
940 2242 1031 2283 19ξ).
1069 2242 1203 2294 123,3)
1236 2256 1289 2284 ex
1323 2242 1477 2294 quibus
1499 2242 1699 2282 81-123
1722 2240 1868 2283 eodem

337 2305 484 2348 ordine
523 2312 624 2348 sunt
660 2320 742 2359 quo
780 2306 822 2347 in
857 2306 1138 2348 Escorialensi
1171 2306 1205 2346 ἃ
1238 2306 1254 2346 I
1295 2305 1363 2357 143
1403 2306 1585 2360 epistula
1625 2304 1678 2346 73
1710 2304 1778 2346 hic
1808 2305 1869 2346 in-

337 2375 457 2424 tegra
489 2376 564 2420 est,
597 2370 681 2411 illic
713 2370 878 2421 mutila;
914 2375 1079 2411 ceterae
1113 2376 1312 2423 quattuor
1343 2382 1425 2410 non
1459 2376 1558 2411 sunt
1595 2383 1648 2411 ex
1681 2368 1872 2423 epistulis

336 2434 446 2476 inter
469 2434 753 2488 Augustinum
776 2440 818 2476 et
841 2434 1147 2487 Hieronymum
1172 2433 1314 2474 missis
1335 2433 1620 2487 acceptisque,
1643 2431 1696 2473 de
1718 2433 1871 2485 quibus

337 2497 522 2539 hocloco
538 2497 695 2551 agitur;
719 2503 940 2553 praeterea
958 2498 1198 2551 fragmenta
1217 2497 1492 2551 epistularum
1515 2496 1594 2537 135
1616 2501 1658 2538 et
1684 2496 1760 2537 137
1784 2503 1870 2537 tam

398 2621 424 2657 ¹)
451 2619 503 2653 Ex
537 2617 617 2662 ipso
649 2618 775 2653 codiee
802 2618 1047 2654 Einsidelensi
1079 2620 1154 2663 130,
1188 2622 1227 2652 ut
1261 2621 1338 2653 erat
1371 2620 1453 2653 111.1
1490 2621 1527 2652 et·
1558 2628 1601 2651 m.
1621 2619 1642 2653 2
1674 2621 1868 2653 correctus.

341 2671 586 2715 transcriptus
613 2675 667 2705 est
695 2671 960 2706 Einsidelensis
988 2674 1052 2708 129
1078 2681 1172 2705 saec.
1193 2670 1276 2705 XII.

397 2724 424 2768 2)
453 2724 530 2758 Hos
556 2723 702 2757 codices
728 2722 884 2757 contulit
914 2724 987 2758 Leo
1015 2722 1229 2758 ¹Gternbaeh.

397 2776 424 2818 ³)
452 2775 655 2820 Epistulam
683 2777 724 2810 74
754 2775 787 2808 in
815 2775 883 2809 1101·
908 2775 1034 2814 codice
1054 2786 1133 2810 csse
1152 2778 1341 2819 perperam
1356 2775 1602 2818 significatum
1624 2778 1680 2808 est
1699 2774 1732 2808 111
1753 2784 1807 2819 ep.
1827 2777 1868 2810 74

340 2839 370 2871 p.
390 2830 466 2870 279,
494 2826 555 2862 ubi
584 2828 944 2879 corrigasmouueso:
973 2829 1123 2863 Praeter
1149 2828 1173 2862 Ι
1194 2828 1242 2862 P²
1267 2828 1327 2863 B¹.
