2078 3054
297 180 382 220 344
960 191 1102 226 Index
1130 190 1193 225 VI.

296 306 565 350 apothecarius
592 307 841 348 consumptor
866 304 918 338 IV
945 303 1000 348 14,
1026 304 1057 338 7.

295 363 535 408 apparitione
590 371 799 406 paucorum
853 360 1058 396 comitatus

343 420 396 455 IV
421 421 501 465 594,
527 419 557 454 1.

296 478 475 523 apparuit
504 479 660 522 inpers.:
693 482 768 522 quo
799 476 913 512 modo
943 486 1059 521 appa-

343 537 419 571 ruit
441 536 579 580 Ioseph
603 545 669 580 per
693 534 881 570 somnium
903 533 957 569 ΙΠ
979 534 1059 578 494,

343 593 388 629 26
417 593 586 638 (Evod.).

296 651 531 697 approbator
563 651 700 697 flagitii
733 651 786 686 ΙῘΙ
819 651 898 694 406,
931 651 963 696 1,
997 651 1059 687 de-

343 710 424 745 licti
452 710 532 754 407,
563 710 621 753 143
651 710 698 751 cf.
728 709 808 753 413,
837 709 891 743 11.

297 768 399 812 apud
438 766 709 813 Carthaginem
749 767 805 811 (z
822 766 1061 812 Carthagini)

344 825 380 860 II
403 826 459 870 89,
484 825 539 860 26.
563 825 620 870 92,
645 825 689 860 25
714 825 760 860 al.
788 826 870 860 sim.
894 848 942 851 -—
965 826 1060 860 bene

343 883 447 929 apud
481 883 678 918 civit-atem
714 882 896 918 fratribus
932 881 1060 928 cogni-

345 944 406 976 tus
441 941 476 976 II
508 942 541 985 8,
574 941 606 976 6.
642 940 837 976 excruciat
870 951 929 976 me
963 940 1060 976 desi-

343 999 489 1034 derium
513 999 593 1034 'tui
641 999 743 1044 apud
789 999 912 1044 ipsam
958 998 1079 1044 intus¹

345 1057 510 1092 animam
536 1056 553 1092 I
576 1057 632 1102 95,
658 1056 712 1092 16.

298 1115 475 1150 arbitrari
504 1125 590 1150 cum
618 1125 718 1150 nom.
746 1118 786 1150 et
813 1114 895 1157 ints
924 1113 1061 1159 ²³³(filius

346 1172 422 1219 dei)
453 1183 530 1209 non
562 1172 734 1218 rapinam
765 1172 977 1208 arbitratus.
1005 1175 1063 1209 est

347 1241 431 1268 esse
457 1231 628 1277 aequalis
654 1230 727 1267 deo
752 1230 807 1266 III
832 1230 911 1276 164,
935 1231 969 1266 3.

300 1290 546 1336 '‘³³archangeli
576 1299 654 1324 vox
687 1288 743 1323 III
774 1288 854 1333 226,
885 1288 941 1324 20.

300 1347 490 1383 archiater
515 1347 551 1382 ΙΙ
576 1346 714 1392 83,-19.
740 1346 795 1382 IV
819 1346 899 1391 482,
925 1347 957 1382 -1,
982 1346 1063 1390 503,

347 1406 402 1442 19.
433 1405 572 1450 (Βαν.).

299 1464 555 1509 archimartyr
587 1463 604 1498 I
635 1464 692 1508 38,
725 1463 747 1497 2
778 1463 897 1502 (Mox.
929 1462 1016 1508 φη).

299 1521 459 1557 archiva
483 1521 636 1567 publica
661 1521 697 1556 Π
721 1521 800 1566 107,
824 1521 857 1556 9.
882 1520 936 1555 Ill
959 1519 1063 1566 37,1.

299 1580 438 1625 arguit,
473 1589 591 1625 quare
627 1583 777 1624 tempus
812 1588 891 1614 non
923 1588 1064 1624 cogno-

348 1641 478 1674 scatur
504 1637 557 1673 IV
583 1637 662 1682 237,
687 1638 709 1672 4
737 1636 874 1682 (Hes).

301 1696 483 1732 armatior
512 1695 548 1731 II
579 1695 658 1741 278,
690 1695 745 1730 11.

300 1754 542 1790 articulatus:
585 1763 703 1789 voces
747 1752 942 1788 articulati
984 1762 1065 1788 cor-

349 1812 452 1857 poris
474 1812 529 1846 III
548 1812 628 1856 619,
651 1812 683 1846 4.
706 1810 934 1856 articulatae
955 1809 1064 1846 vocis

349 1871 459 1916 signa
495 1870 548 1905 IV
586 1870 664 1914 102,
702 1870 757 1905 13.
794 1869 938 1905 locutio
976 1868 1065 1904 arti-

349 1928 477 1963 culata
505 1928 559 1963 III
586 1928 666 1973 618,
695 1927 751 1963 20.

302 1989 554 2031 aspernanter
595 1986 770 2031 accipere
813 1985 848 2019 11
888 1985 968 2030 537,
1011 1984 1066 2028 19,

350 2054 498 2080 sumere
528 2043 580 2078 IV
609 2044 689 2088 403,
718 2043 751 2078 6.

303 2102 478 2146 assertio,
529 2102 567 2137 id
620 2104 679 2137 est
729 2100 830 2136 unde
881 2096 1079 2136 doceatur

350 2170 483 2195 verum
511 2169 607 2203 esse,
633 2159 736 2204 quod
762 2158 882 2194 sentis
908 2158 962 2194 IV
986 2158 1066 2199 307,

350 2218 405 2252 11.
441 2228 519 2252 non
555 2217 677 2262 ipsam
712 2217 799 2252 dico
837 2215 1084 2252 sententiam¹

352 2276 420 2311 sed
446 2276 527 2311 eius
554 2275 805 2310 assertionem
829 2274 883 2309 IV
905 2274 986 2319 306,
1011 2273 1085 2308 21.¹

350 2333 533 2369 maiorem
588 2332 893 2369 adfirmationem
947 2341 1069 2367 asser-

352 2391 570 2436 tionemque
606 2390 776 2435 proferre
811 2390 862 2425 IV
897 2390 979 2433 307,
1012 2389 1085 2434 223

352 2449 441 2485 fidei
472 2449 634 2484 assertio
667 2448 719 2483 IV
749 2449 805 2493 78,
838 2448 892 2483 17.
923 2448 1002 2492 537,
1035 2447 1067 2482 7.

352 2506 589 2552 quaestionis
625 2505 787 2541 assertio
822 2505 875 2540 lV
910 2505 990 2549 478,
1025 2504 1069 2540 18

352 2564 474 2609 (Hil.).
517 2563 680 2599 assertio
723 2563 890 2599 veritate
931 2562 1086 2608 plenis-1

354 2623 450 2657 sima
489 2622 615 2667 (Opt.)
653 2621 706 2656 IV
745 2621 825 2665 306,
864 2621 897 2656 3.
939 2621 971 2655 4.
1011 2619 1086 2668 204
1657 2649 1663 2653 .

353 2679 558 2716 assertioni
595 2679 787 2714 resistitur
824 2678 858 2713 II
896 2678 975 2722 616,
1013 2669 1281 2722 23.3azymum
1308 2675 1343 2710 11
1370 2675 1427 2719 60,
1453 2675 1486 2710 3.
1514 2674 1567 2709 IV
1594 2674 1673 2718 217,
1701 2673 1755 2708 14.
1784 2672 1866 2708 dies

306 2737 493 2783 asterisci,
524 2737 561 2773 id
595 2740 653 2772 est
684 2737 817 2772 stellae
849 2735 1086 2781 praelucen—1

354 2799 412 2831 tes
443 2795 479 2830 II
507 2795 587 2839 316,
618 2795 662 2830 10
692 2794 843 2839 (Hier.).
874 2792 1087 2833 asteriscis;

355 2856 490 2889 notare
529 2856 567 2888 et
605 2852 783 2888 obeliscis
823 2851 858 2886 II
895 2851 975 2896 250,
1015 2850 1069 2885 12.

1141 302 1311 348 figuntur
1341 303 1516 339 asterisci
1546 304 1582 338 II
1613 304 1692 349 251,
1721 305 1755 340 5.
1787 304 1857 340 sub

1142 361 1337 396 asteriscis
1368 371 1452 397 esse
1483 361 1517 396 II
1545 362 1625 406 317,
1655 362 1678 397 6
1706 362 1856 407 (Hier.).

1142 428 1210 453 cur
1245 418 1512 463 interpretatio
1550 420 1756 456 asteriscos
1794 420 1858 455 ha-

1141 475 1231 511 beat
1264 480 1302 511 et
1334 476 1507 521 virgulas
1541 481 1790 522 praenotatas
1823 477 1858 512 II

1141 534 1221 578 316,
1260 534 1281 569 4
1317 534 1469 579 (men).
1507 534 1624 573 editio
1663 535 1858 581 asteriscis

1142 591 1373 637 veribusque
1411 592 1595 628 distincta
1632 593 1685 628 Ill
1721 594 1801 637 639,
1837 594 1858 628 8

1142 649 1293 695 (Hier.).
1339 649 1456 685 libros
1505 651 1729 687 emendatos
1777 651 1858 686 sive

1143 710 1343 753 corruptos
1376 718 1443 753 per
1474 707 1605 744 obelos
1637 712 1676 744 et
1707 708 1859 744 asteris-

1144 775 1210 801 cos
1239 765 1383 810 11317,
1414 766 1432 800 1
1463 765 1614 810 (men).

1097 823 1261 859 attentio
1287 822 1341 858 III
1363 815 1515 868 ‘gam—1.

1097 884 1246 917 auctor:
1273 881 1320 917 de
1347 881 1573 926 ordinando,
1652 882 1663 916 i
1688 882 1727 917 in
1751 885 1859 927 parte

1144 939 1287 975 Donati
1336 938 1554 984 baptizatus
1606 937 1676 984 est,
1726 943 1861 975 auctor

1145 997 1214 1032 tibi
1237 1007 1322 1033 esse
1346 1008 1424 1033 non
1446 1007 1603 1043 possum
1626 997 1678 1032 IV
1699 998 1781 1042 583,
1805 998 1859 1033 12.

1099 1056 1277 1091 audibilis
1307 1059 1434 1092 motus
1464 1055 1518 1090 III
1546 1055 1626 1100 618,
1657 1055 1713 1090 26.

1098 1119 1333 1155 audientiam
1369 1118 1545 1164 praebuit
1581 1122 1861 1164 competentem

1146 1178 1181 1212 II
1212 1178 1292 1222 410,
1328 1178 1371 1212 14
1405 1178 1598 1222 (imperat.
1632 1177 1735 1221 litt).

1098 1242 1247 1277 audire:
1293 1240 1388 1277 h'aec
1434 1240 1658 1286 simpliciter
1701 1241 1863 1276 audiunt

1148 1300 1204 1344 (z
1221 1309 1403 1344 expressa
1428 1302 1531 1343 sunt3
1558 1299 1605 1341 cf.
1631 1298 1739 1343 bene,
1764 1299 1861 1334 male

1147 1357 1295 1403 audire)
1322 1357 1376 1392 III
1403 1357 1483 1402 344,
1511 1357 1533 1392 5
1561 1357 1734 1402 (Hieron.
1737 1357 1764 1401 ).

1080 1423 1081 1435 ¹
1099 1421 1266 1466 auditus,
1286 1442 1334 1446 —
1355 1431 1415 1456 us:
1436 1420 1583 1456 utinam
1603 1420 1748 1456 domini
1769 1419 1862 1455 tuba

1080 1475 1081 1505 ἶ
1146 1479 1213 1515 filii
1247 1479 1370 1515 nostri
1403 1478 1566 1514 Licentii
1598 1478 1725 1524 pulset
1758 1478 1863 1513 audi-

1147 1541 1209 1574 tus
1238 1537 1274 1573 II
1305 1538 1360 1583 10,
1390 1537 1432 1572 11
1461 1536 1617 1582 (Paua).

1099 1602 1280 1647 augurari
1320 1604 1505 1647 sequente
1546 1604 1588 1635 ut
1629 1600 1681 1635 IV
1721 1599 1800 1644 501,
1842 1599 1861 1634 7

1146 1659 1254 1704 (Dar.
1257 1659 1285 1704 ).

1100 1723 1281 1759 ²-⁹aulaeas
1308 1725 1395 1759 tuas
1423 1721 1459 1757 II
1485 1722 1566 1766 608,
1592 1722 1624 1757 8.

1100 1797 1198 1823 ausu
1226 1791 1305 1822 tam
1334 1786 1515 1822 insolenti
1542 1785 1578 1820 II
1606 1785 1686 1829 432,
1715 1784 1769 1820 19.
1799 1794 1864 1819 au-

1148 1855 1212 1880 sus
1245 1855 1350 1880 meos
1383 1844 1614 1889 aliquotiens
1648 1841 1780 1878 distuli
1811 1840 1864 1876 lv

1148 1903 1227 1948 442,
1260 1903 1283 1938 4
1317 1902 1514 1947 (Quodv.).
1548 1901 1684 1937 florere
1720 1899 1864 1936 securis

1147 1960 1304 1996 ausibus
1333 1960 1368 1995 II
1396 1960 1476 2004 428,
1506 1959 1560 1994 17.

1082 2027 1304 2066 ,autzanz
1354 2023 1625 2068 interrogatus,
1674 2020 1766 2066 quid
1816 2019 1865 2055 sit

1148 2082 1271 2117 maius
1297 2091 1413 2116 verus
1440 2084 1508 2116 aut
1533 2079 1678 2115 veritas
1704 2078 1758 2113 IV
1783 2077 1864 2121 550,

1150 2140 1204 2175 15.
1226 2139 1341 2175 debet
1360 2138 1457 2174 mori
1477 2141 1545 2173 aut
1564 2137 1700 2174 exinde
1723 2134 1864 2172 cibari?

1150 2198 1185 2233 II
1212 2198 1291 2243 127,
1316 2198 1338 2233 4
1364 2196 1526 2242 (Ραὸῑ.),·
1552 2206 1587 2231 υ.
1615 2206 1676 2231 an.

1102 2264 1245 2297 autem:
1285 2263 1438 2306 praeter
1476 2263 1602 2295 autem
1642 2257 1727 2294 illos
1767 2257 1864 2292 duos

1149 2318 1267 2354 libros
1304 2318 1359 2353 III
1395 2317 1476 2362 620,
1513 2317 1570 2352 26.
1606 2337 1654 2342 —-
1691 2316 1757 2351 sed
1785 2342 1793 2349 .
1821 2341 1864 2349 ..

1150 2380 1293 2412 autem:
1318 2376 1387 2411 sed
1409 2376 1481 2411 hoc
1506 2378 1634 2410 autem
1658 2375 1725 2418 (esc
1748 2372 1866 2417 coni.)

1151 2434 1184 2469 si
1207 2444 1285 2469 non
1308 2434 1368 2469 vis
1394 2432 1569 2483 accipere
1595 2432 1611 2466 Ι
1635 2432 1690 2476 21,
1717 2431 1773 2466 23.

1104 2497 1271 2533 aversio:
1305 2495 1461 2541 (anima)
1491 2495 1680 2530 avertitur
1711 2505 1736 2529 a
1765 2493 1865 2528 bono

1151 2565 1272 2600 eaque
1297 2554 1500 2589 aversione
1525 2552 1684 2588 vitiatur
1709 2551 1762 2586 III
1786 2550 1866 2594 221,

1151 2613 1209 2657 243
1239 2613 1285 2654 cf.
1316 2612 1396 2656 202,
1426 2611 1481 2646 16.

1152 2734 1295 2779 primus
1325 2743 1547 2778 azymorum
1575 2732 1610 2767 II
1637 2732 1695 2776 59,
1724 2731 1780 2766 26.
1810 2730 1867 2774 60,

1153 2791 1293 2827 1.·*12.
1322 2791 1442 2836 *quae
1473 2790 1520 2826 de
1547 2799 1682 2835 azymo
1713 2788 1867 2824 sinceri-

1152 2849 1243 2886 tatis
1271 2849 1351 2885 dixi
1377 2849 1395 2884 Ι
1421 2848 1500 2893 100,
1527 2848 1582 2883 12.
