2078 3054
874 101 1014 139 Index
1042 99 1087 138 V.
1673 88 1755 135 1⁴13

247 224 374 259 3—18.
430 221 564 257 Orosio
619 221 665 256 de
721 217 980 270 Priscilliani-l

250 286 392 316 starum
434 280 582 315 haeresi
623 283 660 314 et
701 279 747 313 de
789 271 979 322 Origenis'

249 339 474 384 quibusdam
540 336 783 382 opinionibus
851 336 963 370 inter-

250 396 400 442 roganti
428 397 472 430 A.
500 406 575 430 uno
602 395 697 429 libro
725 405 801 429 non
827 393 962 438 grandi

251 453 447 498 respondit
470 453 520 487 111
543 453 623 488 621.
648 453 701 487 16.
725 452 839 486 libros
863 452 962 486 ‘con-

250 516 308 546 tra
335 511 533 546 Iulianum‘
562 511 662 545 misit
689 510 737 545 ad
763 509 961 544 s'laudium

249 570 482 614 episcopum,
515 580 536 603 a
571 579 645 613 quo
680 568 814 602 Iuliani
846 567 961 601 libros

249 631 430 671 quattuor
474 630 687 671 acceperat,
731 630 768 659 et
812 625 962 659 adiecta

249 696 306 730 ep.
335 685 402 719 207
430 684 619 729 exposuit,
648 694 722 728 qua
751 683 897 718 ratione
926 688 961 717 et

249 743 474 777 condicione
514 741 608 777 libro
649 742 705 776 ‘de
745 741 886 785 nuptiis
926 745 961 774 et

249 800 572 844 concupiscentia!
603 800 650 834 ad
682 799 857 834 comitem
890 799 962 833 Va-

249 859 381 893 lerium
419 858 561 902 scripto
599 858 759 892 alterum
797 856 962 891 addidis-

248 920 305 950 set
324 921 360 951 et
381 916 428 950 ad
449 916 609 950 eundem
629 915 822 950 Valerium
843 915 962 949 misis-

251 979 307 1009 set
346 974 396 1008 lv
432 974 512 1017 341,
550 974 580 1008 2.
620 973 756 1008 deinde
795 973 980 1014 lulianus,

252 1037 335 1077 post
371 1036 552 1076 quattuor
586 1031 714 1067 libros,
748 1030 884 1075 quibus
919 1031 963 1064 A.

253 1091 516 1134 responderat,
559 1090 654 1124 alios
698 1093 786 1123 octo
830 1088 980 1125 edidit„

249 1159 409 1192 quorum
437 1148 603 1192 quinque
632 1147 792 1191 Alypius
820 1147 980 1203 Romae!

250 1217 333 1240 cum
364 1206 629 1250 descripsisset
659 1210 697 1239 et
726 1206 769 1239 A.
798 1205 980 1239 misisset¹

250 1264 415 1308 reliquos
445 1263 551 1298 brevi
582 1274 621 1298 se
650 1263 851 1298 missurum
880 1273 980 1298 esse¹

251 1322 488 1366 promittens,
531 1322 574 1356 A.
617 1322 673 1356 his
716 1332 866 1366 quoque
908 1332 961 1356 re-

252 1380 438 1423 spondere
478 1380 645 1414 instituit
682 1383 718 1414 et
756 1390 875 1423 usque
915 1379 980 1414 ad⁴

249 1442 425 1482 quartum
457 1438 630 1482 pervenit
660 1442 820 1472 ceteros.
851 1447 962 1481 quam

250 1495 409 1539 primum
445 1500 585 1539 posset,
621 1495 820 1530 absolvere
857 1505 959 1539 para-

250 1558 310 1587 tus
337 1553 386 1587 lv
411 1554 489 1590 452,
514 1554 546 1587 9.
572 1554 650 1590 453.
675 1555 706 1587 7.
732 1553 780 1587 ad
806 1553 960 1587 Darium

250 1622 289 1645 se
317 1611 465 1646 misisse
493 1610 620 1645 scribit
650 1616 685 1646 et
713 1611 808 1645 alios
835 1610 980 1659 libros-,3

249 1679 345 1712 quos
395 1678 469 1702 non
519 1669 733 1713 petivisset:
784 1669 840 1703 ‘de
890 1666 980 1704 fide]

251 1737 386 1769 rerum,
422 1736 518 1771 quae
557 1737 632 1761 non
667 1726 868 1770 videntur‘,
906 1726 962 1760 ‘de

251 1784 459 1828 patientia‘,
503 1784 560 1819 ‘de
602 1785 861 1826 continentia,
905 1784 980 1835 ‘de'

250 1844 533 1896 providentia&=
553 1849 589 1879 et
628 1855 742 1879 unum
780 1836 980 1889 grandemff

252 1905 308 1938 ue
337 1904 408 1939 tide
438 1908 473 1938 et
505 1915 570 1949 spe
600 1909 633 1939 et
665 1905 836 1939 caritate*
867 1906 902 1947 (i.
931 1915 980 1958 eq*

253 1964 549 2008 'enclieiridion‘)
580 1965 629 1998 lv
659 1966 738 2003 510,
767 1966 799 1999 6.
829 1965 962 1999 librum

253 2024 309 2058 ‘de
361 2025 484 2068 gratia
537 2030 572 2059 et
613 2024 742 2067 ¹libero
789 2020 981 2059 'arbitrio‘.

252 2084 362 2119 modo
403 2085 450 2119 ad
491 2082 732 2120 Valentinum
771 2095 810 2120 se
848 2085 963 2129 scrip-

253 2144 346 2179 sisse
389 2145 481 2179 dicit
525 2144 575 2178 IV
616 2146 695 2187 389,
738 2146 768 2179 7.
810 2145 889 2181 390.
934 2147 962 2179 1.

252 2205 412 2239 eundem
468 2204 601 2239 librum
658 2204 823 2239 Hilarius
878 2216 962 2240 cum

251 2273 327 2298 non
361 2263 528 2307 haberet,
562 2265 632 2299 sibi
665 2270 706 2299 ut
740 2266 981 2320 mittereturM

252 2323 391 2368 petivit
430 2324 479 2358 IV
521 2325 599 2361 479.
638 2326 692 2359 17.
732 2324 865 2360 librum
907 2326 964 2360 ‘de

252 2385 491 2428 correptione
539 2390 576 2419 et
620 2386 756 2430 gratia‘
803 2385 965 2430 Prosper

253 2443 403 2488 plenum
437 2445 591 2480 divinae
626 2446 867 2480 auctoritatis
902 2456 964 2490 ap-

254 2504 367 2547 pellat
408 2509 533 2549 atque,
573 2507 646 2549 q'uo
686 2506 798 2540 modo
838 2516 964 2541 mona-

252 2564 343 2598 chos
379 2564 634 2601 Massilienses
666 2566 871 2609 affecisset,
904 2577 965 2601 ex-

254 2623 360 2667 ponit
396 2624 447 2657 IV
482 2625 560 2663 455,
595 2625 649 2659 20.
686 2626 728 2659 Α.
766 2626 963 2661 consilium

253 2683 365 2726 cepit,
398 2688 438 2717 ut
471 2685 637 2718 oninium
670 2685 847 2720 librorum
881 2696 963 2720 suo-

255 2752 345 2776 rum.
399 2753 660 2788 quaecumque
713 2745 783 2779 sibi
824 2743 982 2801 ‘rectis-2

1045 219 1137 253 sime
1177 218 1434 263 displicerent,
1474 229 1588 264 opere
1627 220 1755 265 aliquo

1044 276 1092 310 ad
1116 276 1186 311 hoc
1211 277 1334 321 ipsum
1359 277 1534 313 instituto
1560 278 1757 323 colligeret

1044 338 1158 378 atque
1190 339 1415 370 retractaret
1446 335 1497 369 III
1526 335 1604 379 251,
1634 336 1688 372 23.
1720 336 1756 371 in

1044 402 1119 436 qua
1166 392 1436 437 opusculorum
1485 403 1639 429 suorum
1687 394 1756 429 Re-

1044 451 1274 486 tractatione
1305 455 1516 495 occupatus
1544 452 1621 486 duo
1652 452 1757 487 volu-

1045 507 1145 542 mina
1177 508 1354 546 absolvit,
1387 514 1425 543 ut
1459 509 1645 554 epistulae
1677 514 1757 545 tan-

1048 571 1126 599 tum
1195 571 1231 601 et
1298 570 1485 602 tractatus
1553 568 1756 612 populares

1047 624 1252 668 (homiliae)
1278 630 1465 660 restarent
1491 626 1542 660 IV
1566 626 1644 670 452,
1669 626 1757 662 18-

1046 682 1125 717 453.
1168 683 1221 717 13.
1266 682 1431 718 Hilarius
1475 684 1512 718 id
1554 694 1651 728 opus
1695 694 1756 719 ex-

1046 744 1173 783 pectat
1224 745 1271 777 et,
1323 746 1361 775 ut
1414 741 1483 776 sibi
1533 742 1757 786 mitteretur,

1045 803 1154 842 rogat
1191 798 1239 831 IV
1275 800 1354 838 479,
1391 800 1443 833 14.
1479 800 1758 845 circumspicie-

1045 854 1109 889 hat
1146 856 1201 899 A„
1238 867 1325 890 num
1363 857 1497 892 librum
1535 858 1591 893 ‘de
1630 859 1758 894 haere-

1046 912 1161 947 sibus‘
1201 914 1273 948 iam
1314 915 1472 959 adgredi
1511 915 1667 951 deberet
1707 916 1758 951 IV

1045 971 1124 1006 452.
1145 972 1166 1005 3
1189 976 1237 1007 et,
1260 983 1334 1016 qua
1357 974 1504 1008 ratione
1528 974 1563 1008 id
1586 975 1757 1009 facturus

1046 1029 1105 1066 sit,
1140 1029 1308 1074 disponit
1342 1032 1420 1073 453,
1456 1032 1509 1066 10.

1092 1099 1297 1143 Augustini
1335 1104 1443 1134 tanta
1478 1104 1558 1134 erat
1595 1101 1758 1135 auctori-

1046 1161 1116 1193 tas.
1144 1161 1184 1190 ut
1213 1157 1392 1192 catholici
1419 1168 1516 1200 eum,
1544 1159 1640 1193 sicut
1670 1160 1758 1193 scri-

1043 1214 1097 1249 hit
1117 1215 1385 1259 Hieronymus,
1405 1216 1642 1251 conditorem
1663 1217 1758 1251 anti-

1044 1283 1140 1316 quae
1178 1283 1324 1307 rursum
1361 1274 1448 1308 fidei
1484 1279 1759 1309 venerarentur

1048 1330 1096 1363 lv
1128 1331 1205 1377 215,
1236 1332 1267 1365 7.
1300 1331 1336 1365 in
1367 1331 1450 1366 aliis
1483 1332 1758 1373 sacerdotibus,

1045 1388 1165 1432 inquit
1206 1389 1448 1433 Volusianus,
1485 1389 1669 1425 toleratur
1706 1391 1758 1424 in-

1046 1446 1167 1488 scitia,
1220 1451 1258 1480 at
1311 1457 1396 1481 cum
1448 1447 1496 1481 ad
1548 1448 1757 1483 antistitem

1045 1503 1300 1548 Augustinum
1336 1505 1499 1548 venitur,
1532 1505 1607 1550 legi
1640 1506 1759 1548 deest,

1044 1561 1223 1605 quicquid
1262 1562 1464 1607 contigerit
1502 1563 1669 1608 ignorari
1706 1563 1758 1597 ΙΙΙ

1046 1618 1102 1655 92.
1169 1620 1222 1653 10.
1289 1631 1417 1654 curam
1485 1621 1757 1665 scripturarum

1046 1677 1146 1719 mihi,
1178 1677 1232 1711 ait
1265 1678 1355 1722 ipse,
1391 1679 1526 1713 fratres
1560 1684 1596 1714 et
1631 1685 1758 1724 patres

1046 1735 1129 1770 mei,
1156 1736 1373 1780 coepiscopi
1401 1737 1472 1772 mei
1498 1737 1646 1772 duobus
1671 1748 1759 1773 con-

1045 1792 1140 1826 ciliis
1202 1793 1401 1828 Numidiae
1464 1798 1499 1829 et
1561 1794 1759 1839 Carthagi-

1046 1851 1152 1884 nensi
1189 1850 1369 1895 inponere
1404 1852 1550 1896 dignati
1585 1857 1673 1888 sunt
1707 1853 1757 1887 IV

1045 1908 1124 1951 377,
1158 1908 1190 1943 2.
1225 1909 1270 1950 cf.
1306 1909 1355 1943 IV
1392 1911 1470 1947 480.
1507 1912 1559 1945 10.
1595 1911 1759 1956 epistula

1046 1966 1315 2010 imperatorum
1341 1968 1483 2002 Honori
1507 1973 1545 2003 et
1566 1969 1757 2004 Theodosi

1046 2025 1094 2059 ad
1127 2025 1322 2059 Aurelium
1356 2026 1471 2060 missa
1505 2027 1600 2069 (201)
1633 2027 1681 2062 ad
1714 2027 1757 2061 A.

1046 2092 1197 2126 quoque
1224 2083 1315 2117 data.
1340 2089 1398 2118 est
1425 2084 1474 2117 lV
1501 2085 1578 2127 299,
1608 2086 1624 2119 1
1654 2085 1758 2120 item-

1046 2150 1118 2183 que
1148 2140 1285 2184 pusilla
1315 2152 1372 2185 ep.
1405 2143 1468 2177 184
1499 2153 1619 2186 papae
1650 2143 1758 2177 Inno-

1046 2200 1146 2234 centi
1170 2205 1207 2235 et
1230 2201 1383 2236 Aurelio
1407 2205 1442 2237 et
1467 2203 1683 2246 Augustino
1706 2203 1758 2237 in-

1046 2261 1187 2304 scripta
1209 2266 1266 2296 est
1286 2262 1337 2296 III
1359 2263 1436 2305 731,
1457 2263 1488 2297 2.
1510 2263 1648 2298 Darius
1668 2274 1757 2309 gen-

1046 2320 1130 2355 tiles
1169 2322 1263 2356 ritus
1302 2323 1558 2366 Augustinum
1596 2324 1758 2369 legendo

1047 2382 1275 2426 contempsit
1315 2382 1364 2416 IV
1402 2383 1481 2421 502,
1519 2385 1551 2419 9.
1602 2384 1758 2420 Orosius

1046 2440 1094 2474 ad
1136 2442 1391 2485 Augustinum
1434 2443 1482 2477 ah
1522 2444 1656 2479 ultima
1696 2444 1757 2479 Hi·

1047 2502 1191 2544 spania,
1223 2502 1379 2537 advenit
1412 2503 1461 2537 Ill
1492 2504 1571 2542 621,
1606 2506 1658 2539 13.

1093 2562 1297 2614 Augustini
1361 2572 1536 2607 laudibus
1598 2573 1758 2608 maxime

1046 2627 1215 2662 ahundat
1250 2629 1446 2668 Paulinusz
1482 2631 1528 2671 cf.
1564 2630 1596 2664 ΙΙ
1632 2632 1664 2674 9,
1700 2632 1757 2673 153

1048 2688 1101 2727 10,
1127 2689 1181 2722 14.
1206 2688 1221 2722 Ι
1246 2690 1300 2727 79,
1324 2689 1355 2723 2.
1379 2691 1398 2723 4
1423 2693 1493 2724 etc.
1518 2700 1586 2725 nec
1613 2691 1759 2726 minora

1047 2752 1145 2781 sunt.
1176 2758 1272 2792 quac
1301 2748 1520 2792 praedicant
1550 2749 1624 2787 alii,
1652 2750 1758 2784 velut
