2078 3054
289 167 370 208 172
955 180 1096 217 Index
1126 176 1169 216 V.

332 296 486 341 quando
511 295 566 331 eis
590 306 666 331 non
692 295 928 341 oboedimus,
952 295 1040 331 dum

331 364 406 389 non
439 358 575 399 regnat
606 358 807 398 peccatum
839 353 878 389 in
910 357 1041 389 nostro

331 411 482 447 mortali
516 421 675 456 corpore
708 412 760 446 IV
792 412 870 457 219,
905 412 957 447 18.
989 411 1042 446 in-

329 469 576 505 oboedientia
609 470 945 514 concupiscentiae
980 470 1043 504 ha-

330 528 427 563 bitat
463 528 500 562 in
535 537 649 564 carne
687 527 839 563 mortali
875 527 928 562 IV
965 526 1041 572 108,

331 586 384 620 16.
414 595 524 621 nemo
553 585 725 621 nascitur
752 585 827 621 nisi
854 589 1040 629 operante

330 643 645 688 concupiscentia
710 643 867 688 carnali,
944 653 1040 688 quae

330 706 456 736 tracta
503 706 562 737 est
609 713 656 737 ex
706 701 841 743 Adam,
888 704 1041 746 praeter

329 759 536 804 Clu-istum3
571 760 688 806 igitur
723 760 899 795 omnibus
934 770 1041 804 prae-

329 822 386 853 ter
434 817 626 853 Christum
675 818 935 853 necessarium
984 820 1042 853 est

329 876 548 921 regenerari
590 875 642 911 IV
680 876 756 921 108,
798 875 968 921 16—110,
1007 876 1040 910 4.

328 934 644 978 concupiscentia
673 934 851 979 carnalis,
880 944 955 979 qua
986 944 1041 969 se-

328 993 523 1028 minantur
564 996 602 1027 et
643 992 914 1036 concipiuntur
955 1001 1040 1036 par-

328 1051 418 1095 vuli,
463 1061 539 1086 non
580 1056 662 1086 erat
705 1055 794 1086 ante
838 1054 1040 1094 peecatum

328 1119 398 1144 nec
423 1108 558 1144 fuisset
583 1109 750 1153 omnino,
776 1109 851 1143 nisi
874 1108 1039 1143 hominis

328 1167 652 1203 inoboedientiam
685 1177 812 1212 poena
843 1166 1041 1210 reciproca

328 1225 443 1261 etiam
475 1235 565 1261 suae
594 1225 721 1260 carnis
753 1224 1039 1260 inoboedientia

329 1283 553 1328 sequeretur
587 1282 641 1317 III
675 1283 754 1328 733,
789 1282 845 1317 14:
882 1285 1041 1327 possent

327 1342 428 1376 enim
475 1341 646 1376 membra
692 1341 808 1376 etiam
856 1339 1042 1385 genitalia

328 1399 428 1434 sicut
462 1402 590 1435 cetera
623 1399 673 1434 ad
709 1408 805 1443 opus
842 1398 1039 1443 proprium

326 1457 589 1502 peragendum
662 1461 757 1493 nutu
827 1456 1041 1491 voluntatis

327 1516 485 1560 moveri,
521 1526 596 1551 non
630 1518 740 1550 aestu
771 1514 944 1550 libidinis
978 1525 1042 1550 ex-

327 1573 440 1608 citari
468 1573 545 1618 733,
575 1573 634 1617 213
677 1583 745 1617 per
775 1573 873 1608 hanc
903 1582 1042 1608 concu-

326 1631 568 1676 piscentiam,
616 1631 799 1677 quicquid
846 1630 1040 1666 hominum

327 1689 550 1734 seminatur,
590 1689 818 1733 concipitur,
858 1689 1040 1733 nascitur,

327 1759 375 1784 ne
398 1747 592 1792 puniatur,
616 1757 713 1792 opus
735 1751 792 1783 est
815 1750 1040 1783 renascatur

328 1807 406 1851 733,
427 1806 482 1841 28.
505 1806 617 1841 homo
642 1805 852 1842 secundum
875 1804 1040 1851 gratiam

328 1865 367 1899 in
408 1864 588 1900 interiore
629 1863 780 1900 homine
819 1867 1040 1908 renovatur,

328 1933 404 1957 non
430 1927 472 1958 ut
497 1922 652 1957 omnino
679 1933 755 1958 non
778 1922 1040 1966 concupiscat,

329 1981 395 2016 sed
419 1985 460 2016 ut
483 1985 569 2024 post
593 1980 928 2024 concupiscentias
951 1989 1040 2014 suas

329 2048 405 2073 non
435 2042 497 2073 eat
524 2037 576 2071 IV
606 2038 684 2082 219,
713 2039 745 2073 3.
775 2048 843 2081 per
874 2037 1041 2081 prohibi—

327 2096 471 2131 tionem
510 2099 672 2145 augetur
709 2096 837 2140 potius
874 2094 1041 2130 carnalis

328 2153 655 2197 concupiscentia,
703 2165 816 2199 quam
867 2156 1040 2197 sanatur,

328 2215 566 2256 appetuntur
586 2212 686 2248 enim
710 2211 921 2255 ardentius,
942 2221 1040 2257 quae

327 2274 510 2305 vetantur
540 2269 592 2304 IV
623 2270 701 2314 218,
732 2269 787 2304 26.
819 2269 1040 2314 nuptiarum

327 2328 426 2363 bono
482 2327 648 2363 limitata
704 2327 870 2373 quodam
926 2326 1040 2363 modo

327 2385 645 2430 concupiscentia
672 2385 838 2421 carnalis
865 2385 907 2421 fit
932 2385 1041 2430 pudi-

328 2444 420 2479 citia
446 2443 660 2489 coniugalis
686 2443 739 2478 IV
764 2443 841 2487 109,
869 2443 923 2478 15.

281 2512 669 2548 condemnatio
700 2523 734 2548 v.
764 2512 968 2556 baptisma.

282 2592 301 2616 c
315 2592 338 2617 0
354 2594 377 2617 n
392 2582 420 2621 d
431 2593 456 2617 u
470 2592 489 2617 c
504 2586 518 2617 t
533 2593 555 2617 o
570 2593 586 2617 r
615 2592 649 2617 v.
677 2581 899 2617 Faventius.

281 2668 299 2691 c
313 2668 335 2692 o
352 2667 374 2690 n
391 2657 404 2691 f
419 2667 438 2692 e
454 2667 471 2691 s
486 2667 503 2692 s
520 2657 585 2692 io:
612 2658 932 2693 medicamentum
955 2667 1042 2692 con-
1059 2682 1061 2697 4

330 2715 510 2751 fessionis
538 2715 588 2749 IV
618 2715 697 2758 584,
723 2715 755 2750 6.

283 2790 596 2834 coniugale,
659 2790 814 2825 viduale
865 2789 1041 2833 accipere

332 2847 596 2884 indumentum
651 2847 703 2882 IV
755 2847 834 2892 629,
886 2847 940 2883 14.
994 2841 1062 2898 de}

1126 295 1335 332 reddendis
1385 297 1652 344 coniugalibus
1699 298 1839 336 debitis

1127 363 1185 399 ep.
1209 354 1287 390 262.

1080 421 1098 446 c
1114 421 1136 446 ο
1152 422 1175 446 n
1191 412 1202 446 i
1217 422 1240 446 u
1256 422 1280 446 n
1295 423 1334 457 x,
1358 423 1455 458 quae
1478 414 1738 451 adulterinum
1760 415 1840 451 ani-

1126 480 1227 505 mum
1266 470 1377 516 gerit,
1416 472 1542 507 virum
1581 473 1692 508 aliter
1730 473 1840 509 timet

1125 531 1241 573 atque
1289 532 1397 563 casta
1442 529 1497 564 HI
1541 530 1618 575 199,
1662 530 1718 566 25.
1762 540 1840 566 mo-

1124 585 1271 622 nachae
1304 586 1570 623 indumentum
1602 591 1732 633 potest
1763 599 1840 624 ma-

1125 643 1199 679 rito
1232 645 1435 680 observato
1471 649 1708 692 exoratoque
1741 646 1839 682 sumi

1126 712 1149 737 a
1175 702 1338 748 coniuge
1368 702 1421 737 IV
1448 703 1527 748 629,
1555 704 1587 739 7.

1059 759 1455 796 ¹conlationem
1489 772 1513 796 a
1546 761 1657 806 plebe
1693 772 1763 798 sua
1795 762 1839 797 A.

1126 817 1288 863 flagitat,
1324 828 1400 864 quo
1438 829 1525 855 aere
1561 819 1700 865 alieno,
1736 820 1840 865 quod

1126 885 1196 920 pro
1243 875 1362 912 fratre
1408 877 1545 913 Fascio
1593 877 1839 923 suscepisset,

1126 933 1354 970 liberaretur
1382 945 1441 980 ep.
1470 935 1550 970 268.

1172 991 1310 1028 Edicto
1346 992 1569 1038 Marcellini,
1605 1003 1680 1040 quo
1713 993 1842 1029 conla-

1124 1049 1241 1086 tionis
1274 1050 1592 1096 Cartha-ginensis
1626 1051 1841 1098 tranquilli-

1125 1108 1197 1144 tati
1225 1109 1440 1144 servandae
1469 1113 1506 1145 et
1534 1109 1692 1145 veritati
1720 1110 1841 1145 mani-

1127 1165 1328 1202 festandae
1355 1167 1572 1203 consultum
1596 1171 1666 1213 est,
1689 1178 1729 1204 se
1752 1178 1840 1204 con-

1127 1224 1269 1261 sentire
1313 1224 1519 1261 adfirmant
1562 1225 1736 1270 episcopi
1779 1235 1839 1260 ca-

1125 1283 1257 1318 tholici
1289 1293 1348 1327 ep.
1381 1283 1462 1327 1283
1492 1283 1722 1319 Donatistae
1752 1294 1840 1319 con-

1127 1341 1269 1376 sentire
1292 1340 1499 1376 noluerunt
1520 1340 1575 1375 III
1595 1341 1652 1386 34,
1675 1341 1729 1376 12.
1752 1351 1840 1377 con-

1125 1398 1219 1434 latio
1257 1399 1343 1444 ipsa
1379 1409 1455 1445 quo
1490 1399 1606 1435 modo
1642 1403 1754 1445 gesta
1790 1399 1840 1434 sit

1125 1456 1182 1491 III
1214 1457 1293 1502 236,
1330 1457 1381 1492 15.
1416 1456 1648 1493 conlationis
1681 1456 1846 1493 Cartha-‘

1125 1514 1298 1560 gissensis
1327 1515 1562 1551 breviarium
1591 1515 1642 1550 IV
1671 1515 1702 1560 6,
1735 1515 1765 1550 1.

1079 1572 1106 1607 C
1122 1582 1144 1607 o
1160 1584 1185 1608 n
1200 1584 1216 1608 s
1232 1584 1250 1608 e
1266 1584 1291 1608 n
1305 1577 1321 1608 t
1335 1573 1346 1608 i
1361 1585 1385 1608 u
1400 1583 1417 1608 s
1442 1573 1489 1609 de
1511 1573 1686 1609 trinitate
1710 1572 1839 1617 libros,

1126 1641 1222 1676 quos
1266 1631 1441 1666 editurus
1486 1635 1581 1676 erat,
1625 1630 1670 1666 A.
1713 1641 1839 1666 emen-

1126 1689 1276 1725 dandos
1324 1689 1527 1734 proposuit
1574 1688 1611 1725 II
1658 1689 1737 1734 700,
1784 1688 1840 1724 26.

1128 1747 1205 1792 703,
1246 1748 1300 1782 24.
1344 1747 1487 1792 Alypio
1529 1746 1714 1791 episcopo
1755 1756 1839 1791 pre-

1126 1815 1211 1841 cum
1251 1816 1405 1841 suarum
1442 1805 1545 1850 apud
1583 1804 1626 1840 A.
1662 1802 1838 1840 adiut'ore

1127 1874 1219 1899 usus
1261 1867 1319 1899 est
1361 1863 1398 1898 II
1438 1863 1516 1908 698,
1559 1862 1612 1898 14.
1667 1862 1710 1898 Α.
1754 1873 1839 1898 eum

1126 1922 1291 1967 rogavit,
1338 1926 1380 1957 ut
1423 1922 1473 1957 ad
1519 1931 1558 1956 se
1605 1920 1757 1956 veniret
1801 1924 1839 1956 et

1128 1989 1312 2023 praesens
1353 1990 1438 2014 cum
1478 1982 1683 2023 praesente
1725 1978 1839 2013 collo-

1126 2048 1258 2082 quens,
1290 2037 1383 2083 quid
1414 2036 1696 2072 emendandum
1726 2039 1838 2080 esset,

1127 2097 1379 2141 cognosceret
1408 2095 1442 2129 II
1473 2095 1552 2139 704,
1583 2093 1756 2137 18-705,
1787 2094 1841 2129 13.

1125 2152 1357 2189 Consentius
1390 2162 1475 2188 cum
1509 2152 1551 2188 A.
1584 2162 1661 2187 non
1692 2150 1839 2187 inveni-

1125 2214 1182 2245 ret
1238 2213 1490 2255 praesentem,
1545 2209 1724 2255 quoniam
1780 2209 1841 2244 ille

1125 2268 1361 2304 valetudinis
1420 2278 1538 2303 causa
1596 2267 1647 2303 ad
1706 2265 1838 2302 villam

1126 2326 1235 2371 ierat,
1263 2336 1322 2370 ep.
1354 2326 1421 2361 119
1449 2326 1496 2362 de
1524 2325 1709 2369 trinitate,
1739 2334 1837 2370 quae

1125 2384 1252 2428 vellet,
1301 2394 1386 2419 cum
1435 2394 1480 2419 eo
1531 2382 1839 2419 communicabat

1126 2442 1161 2476 II
1211 2442 1290 2487 698,
1341 2442 1394 2476 16.
1458 2441 1501 2476 A.
1551 2441 1587 2477 ei
1635 2440 1838 2485 respondit

1125 2509 1183 2543 ep.
1218 2499 1294 2535 120.
1326 2500 1376 2535 ad
1407 2499 1504 2534 alias
1536 2498 1783 2544 quaestiones
1815 2508 1838 2532 a

1125 2557 1335 2593 Consentio
1361 2557 1405 2592 A.
1433 2556 1655 2601 propositas
1681 2565 1838 2600 respon-

1126 2625 1208 2651 sum
1234 2619 1292 2651 est
1316 2625 1375 2660 ep.
1391 2615 1469 2650 205.
1496 2613 1728 2650 Consentius
1752 2623 1836 2648 cum

1125 2673 1256 2709 multis
1278 2673 1364 2708 aliis
1387 2673 1425 2707 in
1450 2672 1584 2707 insulis
1608 2668 1836 2717 quibusdam

1127 2731 1324 2767 habitabat
1355 2730 1391 2765 ΙΙ
1422 2731 1500 2775 703,
1531 2730 1565 2773 63
1597 2730 1644 2772 cf.
1676 2729 1729 2763 IV
1757 2729 1836 2772 339,

1128 2789 1181 2824 18.
1205 2789 1251 2824 de
1276 2788 1373 2824 facie
1399 2799 1484 2824 eum
1507 2787 1551 2823 A.
1575 2797 1652 2823 non
1675 2789 1836 2822 noverat

1126 2846 1179 2881 1V
1206 2846 1286 2892 323,
1313 2846 1462 2891 5—324,
1489 2846 1521 2891 8,
1547 2845 1681 2881 laudat
1708 2847 1835 2881 autem
