2078 3054
300 149 385 192 306

972 163 1117 202 Index
1141 163 1187 200 V.

344 283 502 315 ventum
527 279 712 315 Paulinus
737 279 779 314 A.
802 278 942 315 litteris
965 289 1061 315 nun·
1096 279 1241 315 Rave
1257 291 1319 315 nn
1335 290 1407 316 am
1458 284 1496 317 et
1547 280 1636 317 inde
1690 281 1858 317 Africam

344 338 459 373 travit
488 337 542 372 111
572 338 652 382 348,
683 338 715 372 5.

295 416 531 460 Quintus
569 417 830 453 Maximus
866 417 1060 453 Hanniba—

344 476 418 512 lem
459 475 678 511 iuveniliter
721 475 957 510 exultantem
999 485 1063 520 pa-

343 534 483 569 tientia
511 544 581 569 sua
610 533 726 579 fregit
758 532 792 567 II
823 533 901 578 258,
930 533 963 569 6.

1146 336 1392 384 Siciliamque
1414 338 1584 375 Firmum
1608 350 1648 375 se
1670 339 1859 375 direxisse

1145 395 1278 431 scribit
1311 395 1571 442 Hieronymus
1602 397 1657 431 III
1691 397 1771 441 638,
1807 397 1859 431 11.

1144 452 1356 489 Ravennae
1389 454 1483 489 data
1513 459 1574 490 est
1603 465 1662 499 ep.
1695 455 1760 490 201
1794 455 1861 489 im-

1144 515 1368 555 peratorum
1406 511 1553 547 Honori
1592 517 1629 548 et
1666 512 1861 548 Theodosi

1146 568 1199 604 IV
1224 569 1303 615 299,
1332 570 1362 604 1.

296 616 721 659 Quodvultdeus
791 623 850 653 est
920 627 1059 652 110ffle¹¹
1098 626 1322 663 Raxium
1376 627 1566 663 seniorem
1619 628 1657 662 in
1710 628 1861 663 Macha-

344 675 458 710 trium
491 676 774 720 episcoporum,
807 676 872 721 qui
903 675 942 710 in
972 685 1060 710 con-

343 733 431 769 cilio
493 733 792 779 Carthaginensi
851 733 1060 769 adfuerunt

345 791 399 826 ΙΙΙ
427 792 506 837 653,
535 791 566 826 2.
593 792 625 826 4.
656 792 686 827 5.
717 802 765 827 ex
794 791 932 837 quibus
960 801 1060 826 unus
1088 821 1091 824 .

344 849 510 885 fortasse
539 849 613 885 fuit
641 849 715 894 ille,
745 850 807 884 cui
835 850 878 885 A.
906 860 965 894 ep.
992 849 1060 884 mi-

345 909 395 943 sit
434 908 702 954 interroganti,
753 908 845 953 quid
886 908 924 942 in
961 908 1059 952 peri-

344 966 452 1012 culis,
478 977 576 1012 quae
600 971 778 1010 tempora
801 965 869 1000 illa
892 966 1060 1001 invenis-

345 1029 441 1069 sent,
472 1024 599 1060 facere
628 1024 814 1060 deberent
841 1023 893 1058 IV
920 1024 999 1069 484,
1027 1024 1059 1058 4.

299 1104 725 1148 Quodvultdeus
768 1104 956 1140 diaconus
998 1115 1057 1149 ep.

344 1164 409 1197 221
442 1163 486 1199 A.
519 1164 761 1207 precabatur,
793 1167 834 1198 ut
864 1162 912 1198 de
940 1162 1060 1198 omni-

345 1222 414 1257 bus
456 1232 479 1256 a
519 1221 672 1257 Christo
714 1221 937 1257 haeresibus
978 1221 1059 1256 bre-

344 1279 443 1315 viter
472 1284 587 1325 atque
617 1279 835 1314 summatim
865 1279 1060 1323 scriberet,

345 1348 443 1383 quae
469 1337 645 1382 fuissent,
671 1341 813 1383 essent,
838 1347 934 1382 quos
960 1347 1061 1372 erro-

345 1407 404 1431 res
451 1396 685 1441 intulissent,
727 1395 925 1440 inferrent,
968 1394 1060 1441 quid

344 1455 532 1489 adversus
579 1453 809 1489 catholicam
857 1453 1060 1489 ecclesiam

346 1512 570 1557 sensissent,
627 1511 816 1548 sentirent
870 1514 941 1547 etc.
1008 1510 1057 1545 IV

345 1571 425 1615 443,
451 1570 508 1615 123
534 1571 581 1612 ct.
605 1571 684 1615 444,
709 1570 741 1605 6.
765 1569 844 1615 446,
868 1570 901 1604 6.
925 1569 1004 1614 450,
1028 1569 1060 1604 9.

345 1628 424 1674 452,
457 1629 487 1663 1.
518 1629 550 1663 5.
582 1629 642 1664 cui
674 1637 902 1672 responsum
932 1632 991 1663 est
1023 1631 1061 1662 et

346 1686 529 1722 continuo
593 1696 662 1731 per
722 1685 961 1721 Philocalum
1024 1689 1062 1720 et

347 1744 462 1789 paulo
490 1750 578 1788 post
606 1755 664 1788 ep.
692 1744 771 1789 222,
799 1755 876 1789 qua
901 1743 944 1778 A.
972 1743 1061 1778 talis

345 1803 474 1847 operis
527 1802 796 1838 difficultatem
851 1801 1063 1837 excusabat

347 1861 398 1895 IV
427 1861 505 1906 446,
537 1861 572 1905 93
605 1861 650 1902 cf.
682 1860 761 1904 449,
792 1860 827 1904 63
860 1863 1062 1904 praeterea

347 1923 385 1954 et
420 1919 665 1953 Philastrium
701 1918 795 1953 dicit
829 1921 867 1952 et
902 1917 1065 1962 Epipha-

346 1977 451 2012 nium
486 1977 532 2012 de
568 1977 638 2011 hac
671 1987 711 2011 re
747 1975 948 2020 scripsisse
982 1974 1062 2019 446,

348 2035 401 2070 13.
432 2034 727 2077 Quodvultdeus
758 2037 886 2069 autem
920 2042 980 2077 ep.
994 2032 1062 2067 223

347 2092 574 2136 petitionem
616 2092 865 2127 vehementer
906 2090 1063 2126 iteravit

348 2150 399 2184 IV
431 2151 511 2196 451,
540 2151 575 2194 33
610 2150 754 2185 frustra
784 2149 867 2194 sibi,
896 2148 962 2194 qui
991 2148 1062 2183 La-

347 2209 426 2244 tine
477 2219 554 2243 non
600 2207 812 2252 didicisset,
875 2206 1062 2243 Graecam

348 2266 569 2301 facundiam
603 2265 776 2310 delegari
810 2265 861 2299 IV
894 2265 974 2309 450,
1009 2264 1061 2298 12.

348 2329 428 2359 tum
459 2324 502 2359 Α.
534 2334 592 2368 ep.
622 2324 689 2358 224
719 2334 758 2358 se
788 2323 837 2367 id,
866 2323 969 2368 quod
996 2331 1062 2366 po-

349 2387 485 2426 sceret,
510 2382 751 2426 incepturum
777 2391 861 2416 csse
887 2379 1064 2425 promisit

350 2440 402 2475 IV
430 2440 508 2485 453,
540 2440 593 2474 10.

301 2520 726 2564 Quodvultdeus
754 2524 792 2554 et
822 2518 1064 2554 Gaudentius

349 2582 398 2618 ad
428 2582 472 2617 A.
500 2585 692 2617 venerunt
719 2591 804 2615 cum
832 2580 972 2615 litteris
1001 2578 1064 2615 Se-

350 2644 432 2679 veri
459 2643 633 2687 episcopi
665 2644 739 2688 (ep.
768 2642 849 2686 109)
877 2645 917 2677 et
940 2642 984 2676 A.
1008 2651 1064 2676 re-

350 2715 533 2750 sponsum
574 2706 648 2751 (ep.
685 2705 767 2749 110)
803 2704 946 2739 Severo
981 2703 1065 2739 red-

351 2767 518 2803 dendum
563 2766 761 2811 accepisse
803 2765 985 2800 videntur
1028 2763 1064 2798 II

350 2829 429 2873 638,
454 2829 484 2864 9.

1100 1844 1458 1889 rebaptizare
1531 1852 1566 1877 v.

1147 686 1329 721 baeorum
1373 685 1481 721 libris
1524 685 1635 730 quasi
1679 686 1729 721 ad
1772 695 1859 721 auc-

1145 743 1342 779 toritatem
1374 743 1542 788 sceleris,
1574 753 1648 788 quo
1681 753 1721 778 se
1756 743 1861 787 ipsos

1145 801 1371 846 perdebant,
1401 801 1469 836 vix
1497 801 1706 847 aliquando
1737 811 1777 838 se
1807 801 1862 835 in-

1144 859 1299 895 venisse
1333 858 1599 905 gloriabantur
1633 858 1861 894 Donatistae

1147 917 1200 952 lV
1226 917 1306 962 320,
1335 917 1391 952 23.
1419 917 1485 962 qui
1512 927 1597 952 cum
1627 921 1731 952 esset
1757 916 1860 961 apud

1146 985 1238 1010 suos
1274 975 1414 1010 nobilis
1450 979 1489 1011 et
1525 974 1686 1009 multum
1727 975 1765 1009 in
1803 973 1862 1008 Iu-

1145 1032 1295 1068 daismo
1333 1032 1576 1077 profecisset,
1623 1037 1666 1067 ut
1703 1036 1862 1077 propter

1145 1090 1239 1127 haec
1276 1090 1507 1127 Iudaeorum
1542 1094 1653 1135 pater
1691 1089 1862 1134 appella-

1145 1152 1261 1194 retur,
1320 1148 1466 1183 homini
1524 1148 1640 1184 elatio
1700 1146 1866 1192 superba

1146 1206 1352 1252 subrepsit,
1386 1210 1430 1242 ut
1461 1206 1595 1242 mallet
1626 1216 1743 1241 manu
1777 1215 1862 1250 pro-

1145 1264 1232 1308 pria
1263 1264 1402 1309 perimi
1434 1275 1548 1310 quam
1584 1264 1775 1299 sustinere
1808 1263 1862 1298 in-

1145 1322 1305 1368 dignam
1329 1322 1368 1357 in
1393 1322 1560 1357 hostium
1585 1322 1762 1357 manibus
1787 1331 1862 1356 ser-

1146 1380 1310 1416 vitutem
1338 1380 1391 1415 IV
1418 1380 1498 1425 321,
1525 1380 1579 1415 10.
1607 1379 1751 1415 factum
1780 1378 1861 1414 eius

1147 1438 1186 1473 in
1224 1436 1332 1474 libris
1371 1438 1691 1473 Machabaeorum
1732 1447 1862 1472 narra-

1146 1500 1227 1532 tum
1258 1500 1328 1542 est,
1359 1506 1437 1532 non
1466 1496 1666 1531 laudatum
1698 1495 1750 1529 IV
1782 1494 1862 1537 321,

1149 1554 1202 1590 18.
1224 1564 1322 1601 quae
1343 1554 1445 1590 enim
1466 1553 1568 1598 fecit,
1589 1563 1732 1598 magna
1752 1556 1862 1588 erant

1147 1622 1217 1648 nec
1247 1617 1377 1648 tamen
1405 1612 1507 1647 bona
1536 1611 1588 1646 IV
1616 1610 1695 1655 322,
1724 1611 1756 1646 9.
1787 1610 1863 1644 fru-

1148 1673 1229 1705 stra
1255 1670 1371 1716 igitur
1396 1680 1421 1704 a
1446 1668 1662 1704 Donatistis
1688 1668 1865 1714 proponi-

1147 1732 1208 1763 tur
1232 1732 1276 1763 ut
1301 1727 1519 1772 exemplum
1543 1726 1781 1762 laudandum
1807 1729 1862 1760 at-

1147 1796 1220 1831 que
1252 1785 1481 1821 imitandum
1514 1784 1566 1819 IV
1595 1783 1675 1829 322,
1709 1784 1762 1819 12.

1637 1841 1862 1877 catholicus.

1148 1901 1376 1937 Donatistae
1420 1900 1646 1945 (195—196).

1101 1959 1132 1993 R
1147 1970 1166 1995 e
1181 1969 1206 2005 g
1220 1970 1244 1994 u
1258 1959 1270 1994 1
1285 1970 1310 1994 u
1325 1969 1341 1994 s
1379 1957 1750 2003 Carthaginensibus
1786 1965 1862 1990 non

1147 2027 1216 2061 per
1247 2020 1492 2052 sacramenta
1521 2015 1663 2051 Christi
1695 2014 1762 2050 sed
1794 2023 1862 2057 per

1150 2075 1381 2110 daemonum
1426 2073 1719 2119 inquinamenta
1763 2071 1861 2106 iura-

1148 2137 1259 2168 verat
1289 2136 1326 2168 et
1355 2136 1485 2167 tamen
1514 2130 1750 2166 certissimos
1781 2139 1862 2163 cru-

1148 2191 1272 2225 ciatus
1299 2194 1337 2226 et
1363 2189 1545 2225 horrendi
1571 2187 1738 2231 exempli
1766 2197 1862 2222 mor-

1147 2252 1224 2284 tem
1253 2248 1376 2284 libera
1401 2247 1615 2290 voluntate,
1643 2257 1690 2282 ne
1716 2245 1861 2289 peiera-

1149 2309 1218 2344 ret.
1244 2306 1394 2350 excepit
1419 2305 1472 2339 III
1496 2305 1530 2349 5,
1556 2304 1610 2339 15.

1103 2363 1349 2399 relativa
1375 2362 1584 2408 aliquando
1611 2361 1745 2396 eadem
1774 2363 1861 2394 sunt

1148 2421 1357 2467 aliquando
1390 2420 1561 2463 diversa;
1595 2419 1730 2454 eadem
1764 2417 1863 2453 scili-

1149 2483 1221 2523 cet,
1252 2489 1336 2514 cum
1368 2477 1487 2513 frater
1516 2476 1680 2512 refertur
1709 2475 1758 2511 ad
1789 2474 1863 2509 fra—

1149 2542 1257 2581 trem,
1303 2535 1461 2571 diversa
1509 2534 1608 2570 sicut
1655 2537 1766 2578 pater
1813 2532 1862 2566 ad

1150 2595 1268 2629 filium
1298 2593 1354 2628 111
1382 2592 1463 2639 626,
1495 2592 1548 2627 14.

1104 2652 1433 2698 Religianus
1501 2653 1539 2685 et
1607 2648 1862 2683 Martinianus

1151 2708 1321 2755 episcopi
1369 2707 1638 2750 consederunt,
1688 2716 1773 2740 cum
1822 2705 1866 2738 A.

1150 2776 1410 2803 successorem
1445 2765 1516 2800 sibi
1548 2764 1780 2808 designabat
1811 2762 1862 2796 IV

1149 2826 1229 2870 373,
1257 2825 1287 2860 1.
