2078 3054
286 150 368 191 294

329 277 553 322 baptismus,
595 287 705 321 quem
750 276 856 311 dedit
898 275 1046 319 Petrus,

331 346 406 370 non
449 338 532 370 erat
573 335 674 369 Petri
719 334 785 369 scd
829 333 968 368 Christi
1012 332 1045 367 11

330 394 409 431 490,
434 393 462 427 1.
486 392 546 427 dei
570 392 688 436 patris
710 391 895 426 revelatio
918 394 1044 425 utrum

332 461 396 495 per
436 450 548 484 fidem
588 451 641 485 rei
681 449 849 485 creditae
890 458 940 482 an
980 458 1045 493 per

329 508 518 543 visionem
569 510 800 552 conspectae
852 506 956 541 facta
1008 506 1045 540 in

330 565 432 600 Petri
487 568 613 600 mente
667 565 815 600 fuisset.
869 574 945 599 non
999 563 1043 597 A.

329 622 532 658 videbatur
577 622 725 658 elucere
770 621 823 656 III
865 622 945 664 304,
989 621 1044 655 20.

329 680 465 715 Petrus
494 691 540 715 ex
571 680 726 725 egregio
757 682 1045 724 praesumptore

329 742 405 773 tam
440 737 571 773 creber
604 740 766 781 negator
799 736 959 772 effectus
993 736 1045 770 ΙΙΙ

330 796 407 839 186,
466 796 498 830 5.
559 795 661 840 quod
722 794 861 830 dicitur
921 794 1045 840 egisse

329 852 615 898 paenitentiam,
649 852 863 888 cavendum
897 855 966 896 est,
998 861 1046 886 ne

329 911 384 945 ita
429 913 584 955 putetur
629 910 765 955 egisse,
811 920 886 954 quo
932 908 1044 944 modo

330 972 450 1013 agunt
491 969 529 1003 in
571 968 744 1012 ecclesia,
788 967 852 1012 qui
894 967 1044 1012 proprie

331 1026 570 1071 paenitentes
601 1029 791 1060 vocantur
821 1025 872 1059 IV
903 1025 982 1068 639,
1013 1025 1045 1059 9.

329 1084 482 1128 quando
546 1083 804 1118 amarissimas
868 1082 1045 1117 lacrimas

330 1141 440 1185 fudit„
479 1141 610 1185 utique
650 1140 844 1175 (lominum
883 1149 1047 1185 negasse

330 1210 414 1233 eum
448 1198 636 1243 paenituit
668 1202 706 1233 et
736 1202 863 1233 tamen
893 1200 1046 1242 aposto—

330 1256 388 1291 lus
430 1256 569 1290 mansit
610 1256 660 1290 IV
701 1256 757 1300 39,
799 1255 852 1290 15.
893 1256 950 1298 40,
991 1256 1044 1289 10.

329 1314 508 1348 lacrimae
542 1313 646 1348 Petri
681 1313 846 1358 pastoris
882 1313 933 1347 IV
966 1313 1046 1355 359,

331 1372 384 1405 17.
423 1370 664 1405 Novatianus
701 1370 855 1415 quidam
892 1369 1063 1405 Petrum¹

330 1428 566 1473 baptizatum
588 1439 664 1463 non
689 1428 806 1463 fuisse
830 1427 937 1471 dixit,
960 1437 1045 1462 cum

331 1486 444 1530 paulo
482 1486 656 1530 superius
695 1485 856 1520 dixisset
893 1487 1046 1530 aposto-

331 1544 387 1579 los
415 1543 532 1579 fuisse
558 1543 791 1588 baptizatos3
817 1542 920 1588 quod
946 1542 1046 1578 unde

330 1602 382 1636 illi
410 1601 617 1644 videretur,
647 1611 686 1636 se
714 1601 890 1646 ignorare
919 1600 973 1635 ait
1001 1599 1045 1634 A.

330 1659 382 1693 IV
417 1659 496 1703 638,
534 1659 705 1702 14-639,
742 1659 777 1701 6ς
816 1659 861 1699 ef.
898 1658 978 1702 644,
1014 1657 1045 1693 2.

329 1716 476 1759 Petrus,
511 1716 606 1751 dixit
639 1716 792 1751 urbicus
826 1715 979 1760 quidam
1012 1715 1046 1749 11

330 1774 386 1817 32,
429 1774 483 1808 24.
524 1775 581 1817 37,
623 1774 678 1809 21.
722 1774 777 1817 49,
819 1774 851 1817 9,
893 1777 1046 1818 aposto-

332 1832 451 1866 lorum
501 1834 629 1876 eaput,
677 1831 773 1866 caeli
822 1831 961 1866 ianitor
1010 1833 1048 1866 et

334 1888 519 1923 ecelesiae
597 1889 905 1931 fundamentum,
984 1887 1063 1923 eit-3

332 1947 452 1981 tincto
494 1946 658 1991 Simone,
699 1946 762 1990 qui
804 1947 928 1981 fuerat
969 1942 1063 1996 dia-J

331 2004 407 2039 boli
449 2014 525 2038 non
568 2004 640 2038 nisi
684 2004 824 2039 ieiunio
868 2003 1063 2049 vincendi

331 2062 463 2106 figura,
488 2062 682 2096 Romanos
707 2062 861 2096 edocuit
887 2054 1063 2100 sabbato]

332 2119 500 2154 ieiunare
527 2119 559 2153 ll
583 2120 639 2163 50,
664 2121 700 2162 9;
727 2121 773 2161 cf.
797 2119 854 2155 51.
879 2119 933 2154 18.
959 2113 1063 2153 natu¹

332 2189 415 2211 eum
446 2177 599 2212 Simone
626 2188 737 2222 mago
767 2177 828 2212 die
855 2164 1064 2211 dominico!

332 2238 565 2269 certa-turum
603 2238 757 2279 propter
793 2234 914 2279 ipsum
953 2207 1064 2278 perh!

332 2291 457 2326 culum
488 2291 607 2336 pridie
637 2302 722 2327 cum
751 2292 854 2327 urbis
885 2271 1064 2337 ecclesia!

333 2360 417 2383 eum
449 2349 678 2384 ieiunavisse
709 2353 745 2384 et
776 2350 875 2384 hunc
906 2341 1064 2401 morem}

333 2407 500 2441 tenuisse
527 2410 607 2441 erat
633 2407 761 2451 opinio
790 2406 1064 2476 plurimorum,J

332 2464 506 2508 quamvis
552 2475 632 2499 eain
679 2464 922 2508 perhiberent.
964 2474 1064 2500 esses

335 2522 467 2556 falsam
509 2522 677 2566 plerique
717 2521 878 2556 Romani
918 2522 950 2556 11
990 2523 1064 2563 50„

335 2580 387 2613 18.

380 2640 481 2674 Inter
517 2651 556 2676 se
592 2641 769 2676 vixerunt
807 2642 1048 2677 coin-orditer

337 2697 469 2732 l'etrus
513 2702 549 2732 et
593 2699 845 2743 condiscipuli
889 2699 969 2734 eius
1013 2699 1045 2733 II

955 161 1097 196 Index
1123 161 1167 195 V.

1127 278 1274 310 tantum
1305 275 1697 311 claudicatioverum
1728 275 1842 311 etiam

1128 333 1314 368 correctio
1382 333 1581 378 scripturis
1647 333 1842 369 canonicis

1128 390 1346 426 continetur
1368 390 1402 425 II
1425 391 1504 427 482.
1529 391 1583 426 18.
1606 401 1682 426 non
1704 401 1843 435 aequa-

1128 451 1188 483 tur
1225 448 1369 484 meritis
1405 448 1520 493 Petri,
1558 448 1730 494 quisquis
1768 458 1843 483 non

1128 506 1233 552 cogit
1271 510 1418 552 gentes,
1458 506 1651 543 iudaizare
1691 507 1725 541 II
1764 506 1843 550 482,

1129 565 1182 599 17.
1218 564 1321 599 Petri
1358 564 1470 599 solita
1505 564 1661 600 libertas
1695 564 1731 599 II
1765 564 1843 602 293,

1127 622 1159 666 8,
1214 632 1353 667 magna
1409 622 1620 657 auctorit-as
1677 622 1756 666 294,
1811 622 1844 666 6,

1128 683 1264 715 sancta
1324 679 1517 714 humilitas
1578 679 1613 714 II
1671 681 1752 723 375,
1810 680 1843 715 9.

1128 741 1284 773 sanctae
1345 748 1390 773 ac
1451 736 1640 783 benignae
1701 737 1843 782 pietate

1127 795 1353 830 humilitatis
1406 795 1529 830 rarius
1583 798 1621 831 et
1672 794 1843 830 sanctius

1127 853 1342 898 exemplum
1423 853 1588 898 posteris
1669 852 1845 898 praebuit

1127 910 1263 946 Petrus
1294 922 1407 956 quam
1436 911 1579 946 Paulus
1610 911 1645 945 II
1673 911 1754 955 374,
1784 910 1843 954 203

1128 969 1174 1010 cf.
1218 968 1270 1003 ΙΙΙ
1310 969 1390 1013 699,
1432 969 1487 1003 26.
1530 968 1665 1004 Petrus
1708 968 1844 1003 volens

1127 1029 1287 1062 mortem
1317 1026 1470 1072 subegit
1498 1036 1673 1071 asperam
1703 1026 1737 1061 ΙΙ
1764 1026 1844 1070 348,

1130 1084 1183 1118 11.

1175 1157 1354 1193 Ordinem
1430 1158 1698 1203 'episcoporum
1774 1157 1845 1193 sibi

1129 1216 1416 1252 succedentium
1477 1215 1525 1251 ab
1586 1215 1668 1261 ipso
1730 1215 1844 1251 Petro

1127 1284 1382 1317 numeramus,
1414 1274 1477 1319 qui
1509 1274 1628 1309 totius
1659 1273 1844 1309 ecclesiae

1128 1331 1289 1376 figuram
1322 1331 1423 1377 gerit
1455 1332 1488 1366 ΙΙ
1523 1331 1600 1375 153,
1634 1332 1667 1367 8.
1701 1332 1779 1375 154,
1813 1332 1843 1366 7.

1128 1388 1241 1425 Petro
1269 1389 1456 1424 successit
1480 1389 1597 1424 Linus
1623 1389 1658 1423 ΙΙ
1685 1389 1762 1433 153,
1790 1388 1843 1423 12.

1128 1445 1232 1483 Petri
1264 1445 1423 1482 basilica
1453 1447 1469 1481 Ι
1502 1446 1579 1491 120,
1612 1446 1667 1481 22.
1700 1447 1737 1481 in
1770 1446 1845 1491 epi-

1130 1504 1230 1539 stula
1275 1504 1379 1540 Petri
1425 1504 1606 1540 voluntas
1654 1504 1735 1540 eius
1781 1514 1845 1548 ap-

1129 1565 1249 1606 paret,
1278 1562 1316 1597 in
1346 1562 1505 1598 basilica
1534 1572 1610 1596 non
1639 1565 1800 1606 apparet
1829 1561 1845 1595 Ι

1129 1619 1207 1664 120,
1238 1620 1294 1655 30.
1325 1619 1473 1665 imperii
1501 1619 1726 1655 nobilissimi
1757 1619 1844 1654 emi-

1129 1677 1393 1712 nentissimum
1437 1677 1587 1712 eulmen
1629 1677 1677 1712 ad
1721 1677 1843 1721 sepul-

1128 1745 1233 1769 crum
1273 1735 1475 1779 piscatoris
1515 1734 1617 1770 Petri
1655 1734 1844 1769 submisso

1128 1792 1345 1828 diademate
1380 1792 1596 1837 supplicare
1630 1792 1683 1827 ait
1715 1793 1759 1827 A.
1793 1791 1844 1827 IV

1127 1850 1207 1886 514.
1237 1850 1269 1885 2.
1300 1850 1478 1895 quotiens
1508 1850 1596 1885 fidei
1626 1850 1723 1885 ratio
1754 1860 1844 1884 ven-

1129 1907 1271 1951 tilatur,
1315 1918 1415 1952 papa
1458 1908 1704 1943 Innocentius
1749 1907 1844 1942 arbi-

1129 1965 1302 2000 trabatur
1329 1976 1461 2001 omnes
1491 1966 1627 2001 fratres
1655 1969 1692 2000 et
1719 1964 1844 2009 eoepi-

1130 2033 1270 2067 scopus
1294 2033 1384 2058 suos
1408 2034 1484 2058 non
1509 2023 1581 2057 nisi
1605 2023 1653 2058 ad
1679 2023 1843 2066 Petrum,

1129 2080 1167 2114 id
1208 2083 1266 2115 est
1306 2081 1364 2115 sui
1404 2080 1569 2115 nominis
1611 2084 1649 2115 et
1688 2080 1843 2114 lionoris

1128 2141 1325 2172 auctorem
1353 2138 1493 2173 referre
1521 2137 1658 2173 debere
1688 2137 1737 2171 111
1765 2138 1844 2179 717,

1128 2195 1161 2238 9,
1193 2206 1216 2230 av
1246 2206 1320 2239 quo
1353 2195 1477 2240 ipsum
1509 2194 1773 2240 episcopatum
1807 2201 1844 2229 et

1132 2256 1253 2287 totam
1331 2252 1600 2288 auctoritatem
1679 2251 1842 2287 nominis

1130 2310 1241 2345 liuius
1274 2310 1473 2346 emersisse
1506 2310 1585 2354 702,
1617 2310 1652 2352 5;
1686 2310 1732 2351 cf.
1765 2310 1843 2346 701.

1129 2367 1279 2411 5—703,
1301 2367 1333 2402 5.
1357 2367 1401 2402 A.
1425 2378 1562 2412 papam
1586 2367 1843 2402 Caelestinum

1133 2424 1354 2460 obsecravit
1368 2436 1432 2469 per
1448 2425 1588 2460 Christi
1605 2425 1841 2469 sanguinem,

1130 2493 1195 2527 per
1221 2483 1387 2527 apostoli
1414 2482 1517 2517 Petri
1545 2482 1765 2517 memoriam
1793 2481 1843 2516 IV

1128 2540 1207 2584 352,
1235 2541 1267 2575 5.

1083 2620 1110 2654 P
1125 2631 1144 2655 e
1161 2623 1206 2654 tr
1221 2631 1243 2654 u
1260 2630 1276 2655 s
1332 2620 1535 2664 episcopus
1590 2620 1638 2665 in⁴
1680 2619 1842 2655 concilio

1130 2677 1350 2713 Milevitano
1383 2678 1507 2712 adfuit
1539 2677 1591 2711 III
1623 2678 1702 2720 664,
1733 2678 1766 2711 6.

332 2755 387 2789 50.
411 2755 462 2789 14.
484 2755 619 2789 Petrus
640 2766 660 2789 a
683 2756 801 2790 Paulo
823 2756 1047 2801 obiurgatus
1083 2757 1110 2791 Ι)
1125 2761 1205 2792 etr
1220 2767 1276 2792 us
1324 2762 1361 2792 et
1407 2757 1610 2800 Abraham,
1655 2758 1701 2793 ad
1747 2768 1842 2803 quos

337 2823 367 2846 τ.
402 2812 541 2846 Paulus
573 2824 607 2857 p.
639 2814 715 2848 281.
748 2814 809 2848 illa
842 2814 943 2848 Petri
974 2825 1049 2849 non

1129 2815 1221 2850 data
1247 2818 1305 2850 est
1335 2826 1391 2860 ep.
1423 2816 1487 2850 184
1504 2815 1546 2860 Α,
1575 2815 1622 2850 ab
1654 2816 1694 2850 A.
1725 2815 1843 2851 multa
