2078 3054
280 222 364 263 246

329 362 425 395 pora
472 350 506 385 11
554 350 633 394 432,
682 349 735 384 19.

329 467 470 502 Christi
503 471 540 502 et
575 465 763 510 inimicus,
797 465 862 510 qui
898 464 1042 509 suppli-

953 233 1094 268 lndex
1124 233 1167 268 V.

795 347 1041 384 Constantini
1073 347 1326 383 lulianus
1371 348 1604 393 Carthagine
1650 359 1828 384 reversus

329 409 414 444 filiis
446 408 633 444 successit
661 407 842 451 Iulianus,
873 406 1046 441 desertor

1127 406 1244 452 Alypi
1284 407 1433 442 litteras
1472 406 1633 442 Paulino
1672 406 1840 443 reddidit

1128 464 1143 499 Ι
1173 466 1229 512 73,
1258 465 1311 500 10.

329 529 441 560 cante
465 524 684 570 Rogatiano
709 528 747 559 et
770 523 908 558 Pontio
931 523 1042 558 liber·
1081 523 1275 563 Iulius,
1319 523 1525 568 episcopus
1567 523 1766 559 Romanus
1807 523 1840 557 ll

328 587 446 619 tatem
494 582 705 627 perditioni
752 581 854 626 parti
900 580 1042 616 Donati

329 641 514 686 permisit,
545 640 714 676 reddidit
745 639 925 675 basilicas
956 638 1043 674 hae-

1130 581 1207 625 154,
1248 582 1279 617 2.
1323 581 1485 616 concilio
1529 581 1746 617 Serdicensi
1788 582 1841 616 in-

1129 640 1314 683 probatus
1341 639 1376 674 ΙΙ
1403 639 1480 683 114,
1506 639 1560 675 15.

329 699 471 745 reticis,
528 697 675 743 templa
732 697 947 733 daemoniis
1007 695 1043 731 II
1081 697 1261 733 Iulius
1285 697 1491 743 episcopus
1515 697 1664 733 litteras
1689 697 1842 732 concilii

328 757 407 802 601,
442 757 497 793 24.
531 756 760 792 Donatistae
794 755 944 790 Iuliano
977 755 1044 790 im-

329 815 499 860 peratori
534 815 573 850 in
610 824 679 849 sua
714 814 901 858 petitione
937 813 1044 849 dixe-

331 877 419 908 runt
451 873 554 918 apud
588 883 673 908 eum
708 872 828 907 solam
862 871 1047 906 iustitiam

329 931 453 966 locum
487 931 638 976 habere,
672 941 784 976 quem
818 934 920 965 certe
953 939 1044 974 apo-

330 994 471 1025 statam
522 993 714 1024 noverant
764 992 801 1024 et
853 987 1044 1023 idolatriis

329 1048 503 1083 deditum
548 1047 734 1082 videbant
779 1045 815 1081 II
859 1045 940 1091 456,
986 1045 1042 1088 18;

331 1106 376 1148 cs.
410 1105 489 1151 602,
523 1105 552 1141 1.
586 1105 735 1140 Iuliano
769 1104 956 1140 successit
987 1103 1045 1138 Io-

330 1164 470 1199 vianus
500 1163 536 1198 II
567 1163 647 1207 602,
677 1163 710 1199 3.

286 1224 429 1260 Iulia
442 1235 468 1259 n
482 1235 506 1260 u
521 1234 540 1259 s
591 1223 780 1259 adversus
832 1233 949 1258 unum
1001 1221 1045 1257 A.

330 1283 468 1318 librum
505 1285 687 1328 quattuor
723 1281 842 1317 libros
878 1280 1045 1325 scripsit,

331 1351 427 1387 quos
458 1340 643 1376 Claudius
674 1339 717 1375 A.
748 1339 853 1375 misit
883 1338 936 1373 IV
965 1338 1045 1383 341,

331 1400 363 1434 4.
397 1399 535 1444 quibus
570 1409 656 1433 cum
690 1397 734 1433 A.
767 1397 1045 1441 respondisset,

332 1457 429 1493 alios
456 1461 544 1492 octo
571 1456 708 1499 edidit·,
737 1456 781 1491 A.
806 1455 866 1491 his
894 1465 1045 1501 quoque

332 1515 567 1560 respondere
620 1514 788 1550 instituit
838 1518 876 1550 et
925 1523 1045 1559 usque

331 1574 380 1609 ad
430 1577 608 1619 quartum
658 1572 836 1617 pervenit
885 1575 1046 1615 ceteros,

332 1643 446 1677 quam
477 1631 640 1676 primum
670 1634 815 1675 posset,
845 1629 1046 1666 absolvere

335 1693 494 1735 paratus
516 1689 569 1724 IV
593 1689 672 1733 452,
696 1689 727 1724 9.
751 1689 831 1733 453,
852 1689 884 1724 7.
907 1687 1046 1723 Iuliani

333 1752 420 1783 octo
449 1747 567 1783 libros
595 1757 680 1782 cum
710 1746 874 1792 Alypius
901 1745 1046 1781 Romae

333 1806 560 1849 accepisset,
618 1805 785 1850 quinque
841 1803 1048 1849 descripsit

334 1868 371 1900 et
409 1864 453 1899 A.
490 1864 595 1899 misit
631 1863 862 1907 promittens
899 1866 1047 1898 ceteros

335 1927 413 1958 tres
452 1922 528 1957 cito
568 1932 608 1957 se
645 1932 729 1957 esse
768 1921 972 1956 missurum
1011 1923 1048 1956 et

335 1980 495 2016 multum
532 1979 693 2024 instans,
730 1990 776 2015 ne
813 1979 1048 2023 respondere

336 2042 582 2073 cunctaretur
609 2038 660 2072 IV
688 2037 768 2082 452,
797 2038 850 2072 10.
877 2036 1048 2071 Iulianus

335 2106 610 2142 usquequaque
645 2106 828 2140 spargere
863 2095 951 2130 fidei
986 2105 1050 2130 ve-

337 2165 437 2190 nena
471 2164 548 2189 non
583 2154 761 2189 cessabat
795 2153 847 2187 IV
882 2148 960 2197 342,
996 2152 1049 2187 10.

337 2212 519 2257 quicquid
572 2211 616 2247 A.
667 2213 704 2247 in
756 2211 864 2246 libris
915 2214 1050 2246 contra

338 2270 525 2304 lulianum
573 2269 840 2314 potentissime
886 2268 1051 2304 debella-

339 2328 471 2372 visset,
512 2327 583 2362 hoc
625 2331 747 2362 totum
789 2327 844 2362 ait
885 2327 1050 2371 Prosper

340 2386 387 2421 ab
442 2385 678 2421 adversariis
732 2384 1049 2420 intentiosissime

339 2443 571 2479 conclamari
606 2443 657 2477 IV
690 2443 768 2487 458,
803 2443 856 2478 16.

293 2501 545 2537 Iulianus
593 2501 779 2535 diaeonus
808 2505 865 2551 ,ut
910 2511 933 2535 a
978 2499 1052 2535 Me-

339 2560 460 2595 morio
496 2559 679 2603 episcope
718 2558 800 2594 sibi‘
825 2558 1052 2601 mitteretur,

341 2617 384 2653 A.
412 2616 623 2662 flagitabat,
652 2616 811 2652 multum
840 2616 940 2652 enim
966 2627 1052 2651 eum

340 2677 495 2711 amabat
519 2680 557 2711 et
581 2674 828 2710 desiderabat
854 2674 889 2708 ΙΙ
903 2675 982 2718 542,
997 2673 1052 2709 21.

295 2735 477 2769 Iulian
492 2744 564 2779 us,
602 2734 838 2769 clarissimus
875 2739 913 2769 et
949 2744 1054 2778 egre-

341 2792 427 2838 gius
458 2791 620 2836 iuvenis,
651 2791 759 2826 cuius
790 2791 944 2827 domum
975 2791 1054 2826 suis

343 2850 551 2885 adhaerere
581 2849 793 2893 parietibus
826 2850 867 2884 A.
896 2849 989 2884 dicit
1019 2848 1054 2882 ΙΙ

343 2908 421 2952 533,
445 2908 499 2942 10.

1091 2503 1294 2538 iurare:

1128 760 1166 792 et
1201 755 1520 801 Carthaginensis
1556 760 1593 791 et
1628 755 1842 791 Milevitani

1129 819 1168 850 et
1211 814 1378 860 quinque
1423 813 1692 858 episcoporum
1739 821 1841 858 (epp.

1130 872 1206 907 175.
1243 872 1318 907 176.
1354 872 1435 916 177)
1471 872 1520 907 ad
1554 882 1695 916 papam
1732 871 1843 906 Inno-

1130 931 1298 966 centium
1327 929 1487 975 pertulit
1515 929 1570 964 III
1597 930 1676 974 703,
1704 931 1736 965 7.
1764 930 1843 974 715,

1130 989 1161 1024 8.
1196 989 1275 1034 724,
1308 989 1341 1024 4.

1084 1049 1099 1082 Ι
1114 1060 1137 1083 u
1154 1060 1176 1083 n
1192 1059 1213 1083 o
1230 1049 1297 1094 ni,
1332 1048 1458 1094 inquit
1494 1047 1683 1084 Maximus
1721 1058 1844 1093 gram-

1130 1107 1304 1151 maticus,
1363 1107 1448 1153 quis
1504 1107 1603 1142 ferat
1658 1106 1844 1151 praeferri

1132 1165 1357 1201 Sanamem?
1388 1165 1404 1199 I
1434 1165 1488 1210 38,
1522 1165 1552 1200 1.

1083 1223 1137 1259 Iu
1153 1234 1177 1269 p
1192 1235 1216 1269 p
1233 1224 1243 1259 i
1258 1229 1273 1259 t
1287 1236 1307 1261 e
1323 1236 1340 1260 r
1396 1229 1453 1260 tot
1508 1224 1604 1260 locis
1659 1224 1845 1268 pingitur,

1131 1282 1317 1328 funditur,
1386 1282 1573 1320 tunditur.
1645 1282 1845 1327 sculpitur,

1132 1341 1323 1387 scribitur,
1370 1341 1523 1387 legitur,
1572 1341 1712 1386 agitur,
1758 1352 1846 1375 ean-

1131 1403 1246 1445 tatur,
1291 1399 1455 1435 saltatur
1498 1399 1691 1435 adulteria
1737 1403 1847 1434 tanta

1132 1458 1376 1494 committens
1421 1456 1457 1492 11
1500 1457 1579 1502 430,
1625 1458 1679 1493 20.
1726 1456 1845 1492 multo

1132 1515 1267 1552 melior
1321 1515 1550 1560 Apollonius
1604 1515 1678 1550 fuit
1732 1525 1845 1561 quam

1131 1578 1189 1610 tot
1222 1578 1442 1618 stuprorum
1476 1576 1610 1609 auctor
1642 1578 1681 1609 et
1712 1583 1847 1619 perpe-

1132 1635 1266 1676 trator,
1294 1643 1406 1678 quem
1436 1632 1567 1668 Iovem
1595 1631 1848 1668 nominabant

1133 1690 1188 1725 III
1227 1691 1305 1735 145,
1345 1690 1398 1726 10.
1439 1690 1477 1725 in
1515 1689 1679 1735 Olympo
1717 1692 1847 1725 monte

1133 1748 1308 1793 Iuppiter
1370 1752 1499 1784 castra
1559 1748 1701 1792 posuit,
1762 1757 1847 1782 cum

1133 1807 1321 1842 adversus
1350 1810 1498 1851 patrem
1527 1806 1667 1842 bellum
1697 1809 1849 1850 gereret

1134 1865 1150 1899 1
1186 1866 1240 1909 40,
1277 1866 1312 1900 5;
1350 1866 1396 1907 cf.
1434 1865 1489 1909 43,
1527 1865 1557 1899 1.
1590 1864 1847 1899 Terentianus

1133 1923 1362 1959 adulescens
1395 1922 1547 1968 pictura
1578 1923 1625 1958 de
1657 1922 1848 1957 adulterio

1134 1981 1237 2026 regis
1272 1981 1431 2017 deorum
1469 1981 1519 2015 ad
1554 1980 1752 2015 libidinem
1789 1990 1849 2014 ac-

1136 2049 1274 2074 census
1299 2038 1334 2073 II
1358 2039 1438 2083 429,
1463 2038 1518 2074 22.
1544 2038 1634 2083 quid
1661 2037 1847 2073 Catonem

1135 2097 1266 2133 mallet
1327 2096 1468 2132 imitari
1530 2107 1642 2141 quam
1706 2095 1849 2137 lovem,

1136 2166 1219 2191 cum
1251 2155 1290 2190 in
1320 2154 1475 2199 templis
1503 2154 1665 2189 adorare
1695 2163 1849 2198 cogere-

1136 2218 1197 2249 tur
1239 2213 1369 2249 Iovcm
1410 2212 1539 2257 potius
1582 2222 1694 2257 quam
1737 2211 1849 2246 Cato-

1136 2270 1245 2306 nem?
1280 2271 1315 2305 II
1351 2271 1431 2315 430,
1464 2271 1496 2305 3.
1531 2270 1616 2315 quis
1650 2269 1761 2312 ferat,
1796 2268 1849 2303 in-

1136 2329 1219 2375 quit
1297 2327 1487 2364 Maximus
1563 2327 1848 2373 grammaticus.

1136 2387 1220 2424 Iovi
1259 2386 1420 2422 fulmina
1455 2386 1625 2421 vibranti
1662 2384 1849 2430 praeferri

1137 2444 1368 2490 Migginem‘?
1398 2444 1415 2479 Ι
1444 2444 1501 2489 37,
1532 2443 1584 2479 19.

1359 2507 1449 2538 sunt
1509 2502 1585 2547 qui,
1647 2501 1739 2547 quid
1800 2499 1850 2534 sit

1138 2561 1274 2605 iurare,
1336 2571 1495 2605 prorsus
1556 2560 1736 2604 ignorant
1795 2557 1849 2592 III

1138 2620 1217 2663 487,
1256 2619 1381 2655 9-20.
1422 2618 1541 2653 multo
1583 2617 1704 2653 tutius
1744 2627 1850 2651 num-

1138 2688 1251 2722 quam
1283 2677 1464 2719 iuramus,
1494 2687 1569 2711 non
1599 2671 1690 2721 quia
1717 2684 1850 2719 pecca-

1139 2740 1218 2770 tum
1248 2739 1305 2770 est
1334 2745 1466 2769 verum
1498 2733 1635 2776 iurare,
1665 2732 1731 2768 sed
1761 2731 1850 2777 quia

1138 2792 1410 2839 gravissimum
1449 2795 1649 2835 peccatum
1687 2794 1746 2826 est
1783 2788 1851 2824 fal-

1140 2861 1222 2886 sum
1269 2850 1405 2894 iurare,
1453 2859 1527 2894 quo
1576 2848 1689 2883 citius
1735 2847 1849 2890 cadit,

1140 2908 1205 2954 qui
1231 2908 1433 2943 consucvit
1460 2907 1584 2942 iurare
1609 2906 1662 2940 ΙΙΙ
1686 2906 1765 2950 487,
1790 2905 1849 2948 22;
