2078 3054
328 140 374 174 x‘l
973 139 1213 173 Praefatio.

324 271 480 312 magna
522 256 712 299 codicum
758 255 1026 298 multitudine
1068 254 1345 308 conflictatur,
1393 255 1463 309 qui
1510 268 1762 310 quamquam
1809 257 1851 298 in

324 320 434 362 hanc
466 320 692 362 editionem
725 320 806 360 223
839 320 994 362 conlati
1026 323 1136 372 sunt,
1169 323 1311 360 tamen
1343 332 1503 371 vereor,
1537 333 1589 361 ne
1612 332 1695 360 non
1718 333 1852 375 pauca

325 384 551 440 supersint,
595 397 701 437 quae
734 384 844 425 bono
877 383 967 424 usui
1000 395 1092 425 esse
1125 382 1347 437 potuerint.
1383 382 1539 424 deinde
1570 387 1629 424 tot
1661 383 1851 426 codicum

323 448 449 490 fidem
483 448 584 489 satis
616 447 877 502 exploratam
909 446 1066 488 habere
1098 459 1192 487 cum
1224 459 1299 500 per
1329 459 1373 487 se
1405 446 1543 500 ipsum
1574 447 1628 488 sit
1654 446 1850 489 difficilli-

324 526 451 564 mum,
494 517 581 552 tum
621 524 667 552 eo
706 510 921 551 difficilius
959 509 1161 561 redditur,
1205 522 1286 563 quo
1324 509 1461 551 minor
1497 514 1560 551 est
1590 511 1767 552 materia
1796 511 1852 553 ad

323 574 613 627 iudicandum3
667 587 763 615 nam
807 576 849 615 in
893 573 1034 614 multis
1078 572 1294 615 codicibus
1334 586 1575 628 perpaucae
1616 574 1683 615 vel
1725 575 1851 617 etiam

323 638 513 693 singulae
545 641 709 679 tantum
741 638 907 679 litterae
938 636 1223 678 inveniuntur.
1257 641 1344 677 tum
1377 636 1615 678 cautionem
1638 638 1850 691 quandam

322 702 486 757 flagitat
516 701 785 756 epistularum
808 701 850 741 in
875 700 1089 743 nonnullis
1110 700 1226 741 libris
1247 713 1345 742 mss.
1368 700 1665 754 inaequalitas,
1697 702 1852 757 quippe

323 780 431 820 quae
473 765 507 807 si
549 779 602 807 ex
644 764 771 806 variis
814 763 1001 805 fontibus
1043 763 1352 816 confluxerunt,
1394 777 1477 806 non
1519 763 1669 806 eadem
1705 778 1852 808 omnes

323 830 406 872 fide
443 829 601 883 dignae
639 834 747 871 sunt.
790 828 908 870 cuius
945 827 1004 869 rei
1043 832 1088 869 ut
1119 828 1286 882 insigne
1325 841 1557 882 proponam
1595 829 1850 884 exemplum,

322 895 365 936 in
399 892 543 935 codice
573 892 774 934 Trecensi
806 892 861 932 40
894 891 1074 946 epistula
1108 891 1189 932 120
1212 896 1274 932 ter
1296 890 1474 933 diversis
1496 891 1598 934 locis
1619 893 1853 948 perscripta

324 962 387 999 est
417 957 500 998 alia
531 971 585 998 ex
617 957 699 998 alio
731 955 867 1009 fonte,
901 956 1035 1010 prima
1067 956 1179 997 enim
1203 969 1296 997 cum
1320 955 1600 998 deterioribus
1622 956 1850 1005 codicibus,

323 1020 753 1075 Andomaropolitano
788 1020 870 1060 142
902 1024 943 1061 et
975 1019 1163 1061 Parisino
1200 1019 1324 1071 1929,
1358 1020 1580 1072 consentit,
1612 1020 1746 1062 altera
1766 1034 1851 1064 me-

323 1086 399 1127 lior
430 1088 494 1126 est
525 1089 567 1126 et
596 1083 650 1125 ad
682 1083 869 1126 codicem
901 1083 1213 1125 Bononiensem
1237 1083 1306 1136 58,
1341 1083 1393 1123 12
1417 1083 1445 1126 S
1476 1083 1598 1139 (corr.
1624 1083 1726 1139 125)
1756 1098 1850 1140 pro-

322 1149 417 1204 pius
457 1147 633 1200 accedit,
677 1147 800 1189 tertia
840 1161 924 1189 non
970 1147 1136 1201 integra
1177 1152 1241 1189 est
1282 1147 1463 1202 epistula
1497 1147 1580 1189 120
1621 1148 1696 1190 sed
1738 1147 1850 1203 frag-

325 1217 513 1256 mentum
545 1211 661 1264 illud,
701 1210 811 1265 quod
843 1211 886 1252 in
918 1210 1102 1266 Eugippi
1140 1211 1351 1266 excerptis
1384 1215 1513 1254 extat.
1547 1216 1674 1265 atque
1705 1211 1852 1254 similis

322 1282 385 1319 est
421 1275 611 1318 condicio
651 1275 859 1330 epistulae
902 1274 982 1315 190
1019 1274 1062 1315 in
1095 1274 1244 1317 eodem
1284 1274 1441 1329 codice,
1485 1275 1690 1330 epistulae
1720 1276 1777 1317 40
1807 1276 1850 1317 in

322 1339 466 1382 codice
497 1339 781 1381 Einsidelensi
818 1338 910 1391 130,
949 1338 1154 1393 epistulae
1188 1338 1238 1379 71
1272 1339 1316 1380 in
1349 1338 1493 1381 codice
1525 1339 1729 1394 Augiensi
1759 1340 1851 1392 LII,

322 1405 527 1460 epistulae
569 1404 622 1444 28
656 1408 696 1445 et
730 1402 783 1443 73
820 1403 863 1443 in
902 1402 1046 1445 codice
1079 1403 1270 1444 Parisino
1305 1403 1458 1455 12163,
1501 1416 1610 1457 quae
1648 1404 1851 1459 epistulae

321 1469 387 1511 bis
417 1468 460 1509 in
492 1482 566 1510 suo
594 1480 786 1521 quaeque
814 1466 958 1508 codice
986 1466 1253 1521 reperiuntur
1272 1467 1405 1508 altera
1427 1480 1480 1508 ex
1502 1467 1635 1509 altero
1657 1468 1851 1523 exemplo

322 1532 587 1587 transcripta.
630 1531 673 1572 in
716 1529 862 1573 codice
894 1530 1085 1572 Parisino
1121 1530 1231 1570 1862
1265 1527 1447 1586 epistula
1482 1530 1560 1571 167
1591 1544 1645 1573 ex
1668 1531 1851 1586 Eugippi

321 1596 533 1651 excerptis
570 1595 773 1637 arcessita
811 1608 902 1636 esse
940 1593 1125 1649 videtur,
1170 1608 1220 1635 ea
1258 1595 1371 1636 enim
1410 1599 1473 1637 cst
1504 1595 1614 1638 illius
1645 1596 1851 1650 epistulae

322 1673 417 1702 cum
449 1674 512 1712 ea,
545 1672 653 1713 quae
685 1663 749 1700 est
779 1659 823 1700 in
856 1657 1108 1712 quibusdam
1130 1658 1314 1714 Eugippi
1347 1658 1577 1712 codicibus,
1609 1659 1850 1701 similitudo.

378 1723 463 1766 Sed
504 1723 698 1777 quamvis
739 1736 973 1777 permagna
1013 1721 1066 1764 sit
1107 1722 1229 1777 copia
1276 1722 1476 1765 librorum
1518 1736 1617 1765 mss.
1660 1727 1701 1765 et
1745 1722 1851 1765 anti-

322 1787 615 1841 quissimorum
648 1795 688 1828 et
719 1785 1187 1841 praestantissimorum,
1220 1790 1361 1828 tamen
1394 1786 1429 1829 si
1460 1787 1736 1842 reputaveris,
1769 1800 1850 1840 qua

320 1851 483 1893 ratione
514 1850 715 1906 epistulas
746 1850 947 1905 paulatim
970 1850 1168 1892 collectas
1189 1863 1282 1893 esse
1304 1850 1550 1903 dixerimus,
1583 1851 1850 1906 perspicuum

322 1921 385 1957 est
415 1914 470 1957 ad
501 1913 833 1969 intellegendum
865 1927 948 1955 non
972 1913 1151 1955 eandem
1174 1927 1321 1957 omnes
1343 1914 1538 1957 fortunae
1559 1914 1850 1957 condicionem

321 1979 530 2020 habuisse.
566 1977 720 2020 etenim
755 1977 857 2019 satis
889 1978 1046 2020 multae
1079 1982 1176 2020 sunt
1207 1978 1461 2031 rarissimae,
1493 1978 1536 2020 in
1570 1978 1721 2031 quibus
1742 1982 1849 2020 trac-

321 2042 461 2084 tandis
502 2055 569 2084 ars
606 2041 751 2084 critica
788 2054 916 2096 saepe
953 2041 1152 2084 librorum
1191 2054 1287 2083 mss.
1318 2042 1464 2097 inopia
1501 2042 1679 2095 laborat,
1720 2046 1766 2083 ut
1795 2041 1850 2083 ad

321 2105 566 2148 recentioris
615 2104 768 2147 aetatis
819 2104 998 2158 codices,
1060 2104 1102 2146 id
1152 2110 1215 2147 est
1264 2105 1319 2147 ad
1370 2105 1537 2148 codices
1587 2105 1849 2149 saeculorum

322 2169 570 2212 XIII—XV
599 2168 944 2215 descendendum
973 2169 1038 2211 sit.
1071 2173 1199 2222 atque
1226 2169 1334 2211 adeo
1361 2174 1525 2224 septem
1553 2174 1650 2211 sunt
1672 2170 1849 2222 litterae,

323 2247 431 2288 quae
463 2233 543 2275 nisi
574 2233 616 2274 in
650 2232 867 2275 Vaticanis
898 2232 984 2274 495
1016 2237 1057 2275 et
1088 2234 1172 2274 499
1205 2246 1312 2275 saec.
1334 2233 1413 2275 XV
1447 2247 1529 2274 non
1567 2233 1848 2288 reperiuntur3

322 2297 525 2352 epistulae
562 2301 703 2338 autem
736 2296 789 2337 79
827 2297 986 2338 nullum
1024 2297 1195 2339 omnino
1228 2297 1430 2352 scriptum
1462 2297 1701 2352 exemplum
1735 2297 1849 2352 potui

321 2361 593 2415 investigare.
606 2361 638 2414 ¹)

380 2425 429 2466 In
467 2425 650 2466 Retract.
678 2424 704 2465 l.
734 2424 775 2465 II
814 2423 867 2465 20
905 2424 1168 2479 Augustinus
1206 2437 1300 2466 cum
1337 2423 1390 2466 dc
1428 2423 1592 2466 duobus
1628 2424 1747 2466 libris
1785 2423 1851 2465 ‘ad

322 2488 616 2542 inquisitiones
648 2487 848 2529 Ianuarii‘
887 2488 989 2542 agit,
1037 2487 1080 2530 id
1118 2492 1183 2530 est
1213 2487 1267 2531 de
1299 2502 1364 2544 ep.
1388 2488 1445 2529 54
1476 2492 1517 2529 et
1548 2488 1623 2529 55:
1669 2488 1852 2541 Quorum

384 2664 409 2705 ¹)
436 2662 592 2697 Maurini
623 2662 818 2696 adnotant:
858 2663 945 2697 Non
977 2664 1157 2707 reperitur
1186 2664 1261 2697 nisi
1285 2664 1324 2697 in
1355 2663 1531 2697 Vaticano
1557 2662 1762 2706 exemplari.
1801 2661 1852 2694 ita

323 2715 468 2751 codices
495 2714 695 2749 Vaticanos
726 2717 793 2750 495
826 2718 863 2749 et
893 2718 960 2751 499
998 2715 1206 2760 significare
1238 2714 1367 2750 solent.
1406 2714 1471 2749 sed
1504 2714 1539 2748 in
1572 2713 1629 2748 his
1660 2713 1851 2747 codicibus

323 2777 395 2801 non
422 2771 478 2802 est
504 2767 566 2801 illa
584 2766 742 2810 epistula
767 2777 884 2812 neque
913 2767 947 2802 in
974 2767 1059 2801 Aldi
1087 2766 1358 2802 conlationibus
1384 2777 1462 2802 eam
1490 2777 1570 2802 esse
1597 2766 1633 2800 C.
1653 2765 1756 2800 Vrba
1781 2776 1851 2801 me—

324 2830 405 2854 cum
431 2818 723 2854 communicavit.
1683 2828 1689 2832 ·
