2078 3054
307 136 388 177 150
976 148 1114 182 Index
1144 147 1187 182 V.

350 264 463 298 animi
498 263 599 298 hona
632 263 774 298 donare
808 262 933 297 nullus
967 262 1064 296 alius
1100 262 1122 296 b
1137 262 1236 297 uda
1262 262 1426 298 vestitus
1454 263 1488 298 ll
1514 263 1593 307 412,
1618 263 1673 298 22.
1699 264 1777 306 597,
1804 263 1857 298 14.

351 322 492 365 potest!
535 320 585 355 Ill
627 321 704 365 264,
745 321 774 355 1.
811 321 911 356 bona
950 320 1061 354 huius
1080 356 1081 359 ,
1100 319 1384 356 Bullensis
1411 331 1570 365 campus
1598 321 1633 355 ΙΙ
1661 321 1739 365 233,
1768 322 1820 356 15.

351 379 479 413 mundi
505 385 544 413 et.
569 379 651 423 ipsa
674 378 776 413 bona
798 381 887 412 sunt
911 378 961 412 IV
986 377 1064 420 439,
1099 377 1126 411 B
1142 388 1197 412 ur
1213 377 1400 422 digala
1416 389 1435 414 e
1509 378 1728 422 baptizatus
1800 382 1859 414 est

352 437 409 479 123
471 437 518 477 cs.
579 436 630 470 111
692 436 768 480 158,
829 436 860 470 6.
922 439 1065 479 tempo·
1147 435 1331 471 Paulinus
1367 435 1383 470 I
1419 436 1473 481 76,
1510 436 1564 471 14.

350 494 446 529 ralia
481 495 583 529 bona
617 494 711 529 deus
748 493 956 538 aliquando
991 493 1061 528 uti·
1101 493 1440 538 Byzantium,
1499 494 1563 530 ubi
1621 494 1859 529 Maximiani-

351 553 438 587 liter
463 552 593 587 tribuit
621 556 659 587 et
683 552 891 597 aliquando
917 551 1062 586 utiliter
1148 556 1291 586 starum
1329 552 1494 587 schisma
1530 552 1675 588 exarsit
1710 552 1745 586 II
1781 552 1858 588 469.

353 610 540 645 subtrahit
567 609 620 643 ΙΙΙ
646 610 724 647 230.
749 610 808 661 {243
833 609 879 651 cs.
904 608 958 643 111
985 609 1062 653 169,
1147 609 1202 644 20.

351 670 382 703 9.
411 668 488 707 205,
518 668 570 702 13.
597 668 674 711 230,
702 664 757 702 22.
784 672 936 702 terrena
962 668 1063 702 bona

352 726 383 761 si
423 726 623 771 habentur.
663 736 739 760 non
778 725 817 760 in
856 725 911 760 eis
950 726 1064 760 beata
1101 724 1460 760 Caecilianus
1501 736 1587 761 cum
1627 725 1860 771 Carthagine

309 2175 401 2209 bos
447 2174 572 2208 lassus
619 2173 756 2208 fortius

352 784 435 819 vita.
474 784 655 827 ponenda
694 788 766 826 est3
807 783 960 818 subdita
1000 783 1063 818 de-

350 843 442 878 bent.
469 852 552 877 esse
581 852 659 876 non
686 841 875 886 praedita,
904 851 1063 886 sequen-

352 900 407 935 tia
448 910 523 935 non
566 900 750 935 (lucentia
791 899 845 933 Ill
887 899 966 942 438,
1010 898 1062 933 14.

351 958 528 993 fortunae
561 958 661 993 bona
691 957 881 992 verissimi
914 956 1065 1000 sapien-

351 1020 409 1050 tes
455 1026 525 1051 nee
570 1015 696 1050 timeri
742 1015 950 1050 voluerunt
994 1024 1063 1049 nec

353 1076 442 1118 cupi
467 1073 482 1108 I
508 1074 540 1113 9,
565 1074 596 1108 5.
621 1073 806 1108 ecclesiae
834 1073 1064 1117 deneganda

353 1132 502 1167 fuerant
532 1132 634 1166 bona
660 1131 803 1166 veteris
830 1130 1063 1174 testamenti,

351 1194 393 1225 ut
423 1190 523 1225 bona
555 1189 646 1224 novi
678 1189 900 1224 testamenti
928 1192 1063 1232 optare

352 1252 467 1292 atque
507 1257 659 1292 sperare
699 1247 773 1281 iam
812 1246 975 1281 disceret
1016 1245 1067 1280 111

355 1307 431 1350 166,
482 1306 536 1340 21.
586 1315 767 1350 magnum
816 1305 957 1340 bonum
1007 1308 1065 1339 est

353 1364 515 1398 libenter
566 1363 639 1398 deo
688 1367 869 1407 casteque
920 1362 1065 1397 servire

354 1422 368 1456 I
401 1422 456 1456 48.
490 1422 521 1456 4.
555 1421 684 1456 unitas
720 1420 879 1464 spiritus
912 1420 949 1454 in
983 1420 1065 1454 vin-

353 1479 438 1514 culo
471 1479 578 1522 pacis
611 1483 650 1516 et
682 1479 824 1514 caritas
857 1477 1064 1513 maximum

355 1542 444 1572 sunt*
482 1538 622 1572 bonum
663 1536 715 1571 IV
754 1537 809 1576 37,
850 1536 904 1571 23.
946 1535 1065 1570 utitur

354 1595 518 1630 ecclesia
543 1598 748 1639 potestate,
773 1599 813 1629 ut
839 1604 916 1629 non
943 1593 1064 1628 solum

355 1653 505 1697 invitet,
568 1653 634 1688 sed
684 1653 799 1687 etiam
852 1657 966 1696 cogat.
1017 1651 1064 1685 ad

354 1712 493 1746 bonum
520 1710 573 1744 III
596 1711 675 1754 647,
702 1710 758 1754 12;
785 1710 830 1751 cf.
855 1709 907 1743 IV
931 1709 985 1753 21,
1013 1709 1066 1743 17.

354 1770 449 1804 ‹leus
495 1773 632 1812 potens
677 1772 735 1803 est
780 1778 870 1803 vere
915 1767 1067 1802 beatam

355 1827 474 1862 vitam
508 1827 611 1866 dare.
643 1837 717 1871 quo
750 1826 894 1860 nullum
926 1825 1066 1860 malum

355 1885 582 1920 admittatur
617 1890 653 1919 et
688 1884 751 1919 ubi
784 1894 970 1918 summum
1005 1883 1068 1918 bo-

357 1954 445 1977 num
500 1953 707 1987 numquam
761 1941 961 1976 amittatur
1015 1939 1081 1974 ΙΙΙ·

356 2002 434 2044 434,
464 2001 498 2044 4;
528 2000 574 2041 ct.
604 2000 683 2045 447,
711 2000 742 2034 7.

310 2058 511 2093 Boreas
546 2057 649 2101 194,
684 2058 736 2092 13.

310 2115 672 2159 BorinusI86,
704 2115 755 2150 18.
785 2115 840 2158 91,
868 2114 900 2149 8.

804 2172 887 2217 figit.
932 2171 1068 2215 pedem

357 2231 572 2276 (proverb.)
624 2230 659 2264 ΙΙ
700 2230 780 2274 242,
820 2230 860 2264 11
913 2229 1068 2273 (llier.);

358 2290 404 2330 cs.
436 2290 514 2333 267,
545 2289 598 2324 16.

315 2346 597 2382 breviatio
643 2350 838 2390 gestorum
883 2345 1067 2380 conlatio-

359 2405 418 2439 nis
454 2404 772 2449 Carthaginensis
809 2403 863 2437 Ill
900 2403 976 2446 152,
1014 2402 1068 2437 20.

312 2463 340 2496 Β
357 2463 511 2502 ritto,
539 2467 580 2497 ut·
607 2461 815 2497 credebant
844 2460 1007 2506 Alypius
1032 2464 1069 2495 et

359 2521 414 2560 A..
451 2520 520 2555 fuit
560 2519 854 2564 cognominatus
889 2518 1069 2563 Pelagius

361 2578 412 2612 lV
441 2579 497 2621 45,
527 2578 558 2613 9.

314 2635 604 2670 Brixensis
672 2636 878 2680 episcopus
946 2635 1070 2670 Phila-

361 2694 477 2728 strius
510 2693 562 2727 IV
595 2694 674 2737 446,
709 2694 762 2728 13.

313 2751 528 2795 Brutus,
566 2751 761 2786 Romanae
799 2751 925 2796 gentis
963 2761 1070 2796 prue-

361 2808 487 2844 olarus
520 2808 579 2843 vir
615 2808 669 2842 III
704 2809 781 2854 135,
815 2810 845 2844 7.

1148 787 1250 818 esset
1275 783 1473 828 diaconus,
1501 783 1860 828 pecuniosissimam

1148 841 1345 877 mulierem
1407 841 1593 877 Lucillam
1668 841 1861 887 quandam

1148 909 1218 943 pro
1250 899 1457 943 disciplina
1488 899 1754 935 ecclesiastica
1782 909 1861 933 cor-

1149 957 1326 1000 ripiendo
1359 957 1526 993 laeserat
1559 956 1595 991 II
1628 957 1684 1002 99,
1717 958 1748 992 4.
1785 957 1860 1000 107,

1149 1015 1203 1050 25.
1266 1015 1406 1051 ibidem
1467 1015 1674 1059 episcopus
1736 1014 1861 1050 factus

1149 1073 1351 1108 ordinatus
1387 1078 1445 1109 est
1479 1082 1548 1116 per
1584 1072 1749 1108 Felicem
1787 1073 1863 1116 Ap-

1148 1134 1388 1176 tungensem,
1464 1141 1576 1176 quem
1636 1130 1861 1166 traditorem

1150 1188 1269 1224 fuisse
1308 1193 1391 1225 erat
1431 1188 1601 1232 suspicio
1639 1188 1674 1222 II
1712 1189 1790 1232 599,
1831 1188 1861 1222 8.

1150 1247 1229 1293 601,
1254 1247 1307 1282 16.
1330 1246 1385 1281 III
1406 1247 1485 1291 243,
1508 1247 1562 1282 15.
1584 1250 1711 1281 utrum
1733 1245 1863 1282 Caeci-

1148 1305 1275 1340 lianus
1306 1316 1330 1340 a
1358 1305 1611 1340 traditoribus
1643 1304 1862 1339 divinorum

1151 1363 1326 1398 codicum
1379 1363 1496 1398 fuerit
1544 1362 1758 1399 ordinatus.
1823 1372 1862 1396 se

1151 1421 1298 1456 nescire
1355 1421 1449 1456 dicit
1507 1420 1551 1455 A.
1611 1420 1662 1454 IV
1720 1421 1751 1457 4.
1813 1419 1865 1453 11.

1152 1479 1401 1524 septuaginta
1424 1479 1542 1514 ferme
1567 1478 1741 1522 episcopi
1766 1478 1864 1513 inter

1152 1547 1247 1582 quos
1277 1536 1444 1571 confessi
1473 1536 1681 1571 traditores
1711 1536 1749 1570 in
1778 1546 1865 1569 con-

1152 1594 1239 1630 cilio
1287 1594 1584 1639 Carthaginensi
1643 1604 1720 1628 non
1778 1603 1866 1628 con-

1152 1652 1295 1688 fessum
1319 1656 1355 1688 et
1380 1653 1578 1688 absentem
1603 1651 1864 1687 Caecilianum

1152 1721 1236 1746 cum
1268 1710 1348 1746 suis
1378 1710 1536 1756 collegis
1568 1715 1603 1745 et
1636 1709 1865 1744 ordinatori-

1152 1769 1222 1804 bus
1256 1769 1539 1803 damnaverunt
1571 1767 1606 1801 II
1636 1768 1692 1811 86,
1723 1767 1779 1802 25.
1811 1767 1866 1809 88,

1155 1827 1207 1862 19.
1240 1827 1293 1870 89,
1325 1827 1383 1869 263
1416 1826 1461 1867 cf.
1493 1826 1547 1870 87,
1579 1826 1632 1860 10.
1664 1825 1718 1863 89.
1751 1825 1781 1859 7.
1812 1824 1865 1858 15.

1154 1885 1209 1929 96,
1236 1885 1267 1919 4.
1294 1884 1348 1919 24.
1377 1884 1431 1927 99,
1459 1885 1490 1918 7.
1516 1883 1595 1927 596,
1625 1883 1678 1918 13.
1706 1882 1759 1917 ΙΙΙ
1787 1883 1866 1926 239,

1156 1943 1208 1977 18.
1236 1942 1315 1979 241.
1343 1942 1384 1976 14
1414 1946 1450 1978 et
1476 1941 1703 1976 Maiorinum
1732 1944 1867 1976 contra

1153 2011 1238 2035 eum
1276 1999 1424 2035 nefario
1461 1999 1604 2035 scelere
1642 1999 1866 2042 episcopum

1154 2058 1328 2093 fecerunt
1367 2057 1402 2091 II
1441 2058 1495 2102 87,
1536 2057 1592 2100 143
1633 2057 1679 2097 cf.
1719 2056 1796 2100 108,
1834 2056 1865 2090 7.

1156 2116 1232 2150 116.
1269 2116 1300 2150 4.
1337 2126 1403 2150 cur
1439 2114 1679 2150 Caecilianus
1714 2113 1763 2148 ab
1797 2114 1867 2148 hoc

1155 2173 1317 2208 concilio
1346 2173 1483 2208 afuerit
1511 2172 1547 2207 Il
1574 2173 1630 2216 98,
1656 2173 1710 2206 24.
1739 2172 1804 2206 100
1832 2171 1865 2204 1:

1154 2232 1201 2272 cf.
1230 2232 1285 2275 90,
1316 2232 1369 2266 14.
1399 2231 1571 2276 plerique
1602 2229 1771 2265 Lucillae
1803 2239 1867 2273 pe-

1155 2290 1269 2324 cunia
1305 2289 1470 2324 maxime
1511 2289 1698 2323 adversus
1738 2287 1867 2322 Caeci-

1154 2347 1296 2381 lianum
1340 2347 1455 2390 empti
1497 2350 1531 2380 et
1575 2345 1745 2389 instigati
1790 2354 1869 2388 per-

1155 2404 1383 2440 hibebantur
1413 2404 1448 2439 II
1476 2406 1531 2445 99,
1563 2405 1614 2440 14.
1645 2405 1700 2439 20.
1731 2405 1807 2443 108,
1836 2405 1866 2438 7.

1155 2462 1210 2496 21.
1235 2473 1311 2507 qua
1336 2463 1497 2507 ratione,
1521 2467 1726 2507 antequam
1752 2462 1867 2496 Maio-

1155 2520 1261 2555 rinus
1295 2521 1482 2555 adversus
1516 2520 1776 2555 Caecilianum
1811 2530 1868 2553 or-

1155 2578 1366 2622 dinaretur,
1415 2578 1581 2613 schisma
1627 2577 1755 2621 sopire
1802 2587 1868 2611 vo-

1155 2635 1296 2671 luerint
1339 2636 1503 2671 maiores
1547 2635 1617 2679 sui,
1651 2634 1867 2673 ,Fortunius

1158 2693 1331 2728 narravit.
1360 2693 1402 2728 A.
1429 2693 1463 2727 II
1495 2693 1571 2737 115,
1599 2693 1654 2728 23.
1684 2693 1719 2727 in
1751 2702 1866 2727 causa

1157 2751 1367 2786 Caeciliani
1393 2755 1523 2795 partes
1550 2750 1726 2785 Maiorini
1754 2760 1794 2785 se
1821 2750 1868 2784 ab

1156 2808 1320 2844 ecclesia
1350 2808 1540 2844 catholiea
1569 2808 1785 2843 diviserunt
1815 2807 1867 2842 IV
