2078 3054
294 138 374 181 128

972 150 1111 190 index
1134 151 1179 190 V.

336 271 449 315 oculi,
470 270 608 317 quibus
629 271 778 306 animus
799 270 917 316 videt,
938 272 1053 310 etiam
1090 270 1123 304 Α
1137 281 1162 305 n
1176 282 1200 306 n
1214 282 1248 315 a,
1288 282 1385 317 quae
1426 271 1666 310 Samuhelem
1706 274 1853 320 peperit

338 331 368 364 si
406 331 577 375 eorporis
614 330 714 366 oculi
752 330 858 365 velut
897 330 934 364 in
969 330 1053 366 dor-

1137 329 1190 364 111
1217 331 1273 375 74,
1300 331 1333 366 5.

337 389 541 424 xuientibus
579 394 645 424 aut
683 389 875 425 defunctis
911 392 1054 424 vacant
1088 389 1157 423 An
1174 399 1198 423 n
1213 399 1235 424 a
1255 389 1385 434 vidua,
1404 401 1501 435 quae
1524 391 1648 426 lesum
1669 391 1853 428 infantem

338 459 405 483 nec
434 448 637 492 quicquain
663 451 871 492 operantur
896 447 949 482 III
974 447 1053 492 501,

1138 448 1299 493 agnovit
1324 448 1376 482 III
1401 449 1457 493 74,
1480 449 1513 484 5.
1539 450 1593 484 15.
1619 450 1670 484 IV
1691 451 1774 493 1529,
1800 451 1853 484 11.

339 509 396 551 ]1;
433 509 479 550 cf.
515 509 595 552 499,
632 509 685 543 13.
720 509 800 551 502,
836 509 869 543 6.
905 508 1053 543 animus
1089 505 1385 550 Annianus,
1419 507 1754 551 pseudodiaconus
1788 508 1854 543 Ce-

338 569 470 604 melior
505 573 564 604 est
599 579 759 614 corpore
794 569 809 603 I
839 557 878 613 '8,
909 570 943 605 3.
978 579 1054 605 non

338 640 477 675 eorpus
523 635 582 665 est
628 630 744 665 animi
788 629 942 674 bonum,
988 630 1055 666 sed

331 691 480 726 animus
500 691 627 736 potius
646 695 705 727 est
724 692 895 736 corporis
914 691 1054 727 bonum

338 752 372 786 ΙΙ
408 752 488 788 678.
526 753 579 787 17.
617 752 742 788 omnis
776 756 902 794 motus
939 753 1055 788 animi

338 808 481 858 aliquid
507 813 601 849 facit
626 813 663 848 in
690 824 851 859 corpore
876 814 891 848 I
916 814 973 858 20,
998 814 1053 849 25.

338 874 369 909 si
397 874 558 909 moritur
585 875 746 918 animus,
775 885 866 920 ergo
895 875 1055 911 moritur

337 936 482 971 veritas
509 940 577 971 aut
603 946 680 972 non
707 939 765 971 est
792 936 1055 982 intellegentia

337 997 482 1032 veritas
508 1001 576 1033 aut
603 997 866 1043 intellegentia
893 1007 970 1032 non
996 1002 1055 1033 est

338 1057 376 1092 in
398 1058 524 1094 animo
546 1062 613 1093 aut
633 1062 762 1104 potest
782 1058 878 1093 mori
898 1058 1055 1103 aliquid,

339 1119 377 1153 in
414 1130 488 1164 quo
526 1119 670 1164 aliquid
707 1119 907 1155 inmortale
944 1123 1010 1155 est
1040 1119 1073 1154 l‘

338 1181 371 1224 8,
418 1181 473 1215 14.
519 1180 669 1216 animus
716 1191 793 1216 non
839 1191 908 1216 suo
955 1180 1055 1216 bono

339 1242 475 1278 beatus
529 1247 599 1287 est,
653 1253 738 1277 cum
794 1243 930 1278 beatus
983 1246 1054 1287 est,

338 1313 462 1347 neque
508 1303 547 1337 in
591 1303 718 1338 animo
764 1306 823 1338 est
869 1313 1057 1338 summum

339 1363 432 1398 illud
454 1367 569 1409 atque
591 1363 810 1399 beatificum
831 1363 972 1399 bonum
994 1363 1056 1399 vel

339 1424 467 1470 aliqua
494 1435 582 1470 pars
609 1425 691 1460 eius
719 1425 753 1461 II
780 1425 865 1469 679,
889 1425 943 1459 12.
971 1435 1057 1460 cum

340 1495 379 1520 se
406 1486 489 1531 ipso
517 1485 588 1521 sibi
617 1486 726 1531 quasi
754 1496 822 1521 suo
849 1485 950 1521 bono
979 1486 1056 1521 ani-

340 1557 423 1581 mus
447 1547 603 1592 gaudet,
627 1545 814 1591 superbus
837 1551 897 1582 est
919 1546 954 1581 II
977 1547 1056 1590 679,

341 1607 394 1642 16.
420 1611 528 1643 tanto
554 1608 679 1642 minus
705 1618 745 1644 se
772 1618 855 1643 esse
881 1607 1056 1643 stabilem

339 1668 488 1703 animus
547 1669 675 1712 sentit,
731 1672 875 1713 quanto
933 1669 1057 1704 minus

340 1729 471 1765 haeret
512 1730 596 1773 deo,
636 1729 700 1774 qui
740 1740 883 1765 summe
925 1734 983 1765 est
1023 1730 1055 1764 Il

338 1790 418 1833 679,
452 1790 507 1825 28.
543 1794 688 1834 quanto
722 1789 898 1835 nequitia
928 1790 1057 1835 purior

339 1850 488 1885 animus
550 1854 629 1895 est,·
683 1854 792 1886 tanto
855 1850 1058 1886 clementia

341 1911 488 1955 plenior
524 1922 609 1947 esse
646 1911 759 1947 debet
796 1911 848 1946 III
885 1912 965 1956 412,
1002 1911 1056 1946 15.

340 1982 416 2006 non
445 1971 586 2007 habent
614 1972 762 2007 animos
792 1972 964 2017 pudiCOS,
994 1972 1057 2017 qui

341 2031 482 2067 habent
504 2033 638 2068 oculos
660 2032 874 2077 inpudicos.
895 2033 984 2078 quia
1005 2033 1057 2068 in-

342 2093 503 2138 pudicus
544 2094 679 2129 oculus
721 2093 891 2139 inpudici
931 2093 1061 2129 cordis'

341 2158 399 2189 est
437 2154 594 2190 nuntius
632 2155 683 2189 IV
718 2155 798 2198 363,
835 2155 889 2190 10.
924 2165 1058 2190 verum

342 2219 401 2250 est
441 2216 557 2250 animi
598 2215 779 2261 pabulum
822 2216 836 2250 Ι
877 2217 910 2259 3,
951 2216 984 2251 9.
1027 2216 1058 2250 si

341 2276 449 2311 falsis
478 2276 724 2321 opinionibus
757 2280 865 2312 tanto
899 2276 1059 2321 quisque

342 2337 521 2372 inseritur
567 2337 701 2382 magis,
747 2341 891 2382 quanto
938 2337 1059 2382 magis

343 2398 380 2432 in
419 2397 472 2433 eis
510 2398 812 2442 familiariusque
849 2398 1060 2441 volutatur,

342 2458 462 2494 multo
494 2459 531 2494 id
563 2459 713 2495 facilius
745 2459 783 2493 in
814 2458 927 2494 rebus
957 2458 1059 2494 veris

343 2519 470 2554 animo
502 2520 644 2554 accidit
677 2520 690 2554 I
724 2520 778 2559 10,
808 2520 840 2554 5.
874 2529 1060 2554 summum

344 2580 506 2616 hominis
539 2580 680 2616 bonum
713 2580 962 2615 constituitur
994 2586 1061 2615 aut

345 2641 383 2675 in
414 2652 572 2686 corpore
603 2646 669 2676 aut
700 2642 737 2676 in
768 2641 895 2676 animo
927 2644 993 2676 aut
1023 2641 1061 2675 in

344 2701 417 2736 (leo
467 2706 534 2737 aut
584 2703 621 2736 in
671 2701 820 2737 duobus
870 2700 1061 2746 aliquibus

347 2763 477 2797 horum
512 2768 575 2797 aut
612 2766 714 2797 certe
748 2762 784 2797 in
818 2762 992 2798 omnibus
1027 2762 1059 2797 ll

344 2823 423 2860 (378.
447 2823 477 2857 2.

1141 563 1321 608 ledensis,
1335 564 1485 601 alienae
1501 566 1537 609 (i.
1553 576 1585 600 e.
1600 565 1848 610 Pelagianae)

1137 623 1408 668 blasphemiae,
1437 627 1479 659 ut
1506 623 1560 658 ait
1587 624 1855 669 Hieronymus,

1136 683 1255 717 verba
1279 683 1419 718 frivola
1443 682 1722 727 subministrat3
1745 684 1854 718 euius

1138 745 1273 777 eontra
1309 741 1426 777 libros
1464 741 1513 777 ab
1549 741 1714 777 Eusebio
1753 752 1855 786 pres-

1137 800 1272 845 bytero
1306 804 1487 845 acceptos
1523 801 1692 835 nondum
1726 811 1765 836 se
1799 811 1854 836 re-

1137 859 1350 905 scripsisse,
1382 859 1450 895 sed
1483 859 1616 905 paucis
1649 858 1855 894 lucubrati-

1138 919 1290 955 unculis
1339 919 1377 954 id
1427 929 1511 955 esse
1561 918 1752 954 facturum
1801 917 1852 953 IV

1137 978 1218 1022 300,
1241 979 1274 1012 7.
1297 977 1497 1012 Annianus
1520 977 1609 1012 dum
1632 977 1855 1021 Hieronymi

1137 1036 1324 1081 epistulae
1387 1035 1620 1080 respondere
1682 1037 1855 1078 conatur,

1137 1095 1308 1140 apertius
1335 1104 1375 1130 se
1402 1094 1570 1140 prodidit
1597 1098 1646 1138 et,
1674 1093 1854 1138 quicquid

1138 1154 1412 1199 denegaverat,
1444 1153 1484 1188 in
1516 1153 1588 1188 hoe
1623 1163 1738 1197 opere
1773 1162 1856 1198 pro-

1140 1214 1266 1249 fessus
1292 1217 1351 1249 est
1402 1212 1453 1247 IV
1479 1213 1561 1256 300,
1589 1213 1643 1262 16.

1091 1282 1113 1307 a
1128 1282 1153 1307 r.
1167 1282 1192 1307 n
1205 1282 1228 1307 0
1243 1282 1268 1306 n
1282 1282 1305 1307 a
1336 1281 1372 1307 v.
1405 1270 1594 1307 Zenobius
1627 1297 1635 1305 .

1080 1341 1152 1366 -an
1167 1330 1216 1365 ni
1239 1329 1511 1376 quadringenti
1533 1329 1746 1374 nonaginta
1768 1333 1856 1364 sunt

1139 1389 1178 1424 in
1203 1387 1506 1425 hebdomadibus
1534 1387 1781 1433 septuaginta
1805 1386 1855 1421 IV

1138 1448 1217 1492 260,
1272 1448 1333 1496 13.
1381 1448 1591 1483 secundum
1646 1446 1855 1491 scripturas

1138 1517 1238 1542 unus
1278 1506 1361 1542 dies
1401 1506 1503 1541 mille
1544 1506 1634 1540 anni
1676 1508 1765 1540 sunt
1804 1503 1853 1539 lV

1139 1566 1218 1609 259,
1263 1565 1295 1600 2.
1340 1564 1513 1600 nonnulli
1558 1574 1625 1600 sex
1670 1574 1856 1599 annorum

1139 1624 1243 1659 milia
1293 1624 1534 1659 constituunt
1583 1623 1691 1658 velut
1740 1632 1856 1657 unum

1139 1682 1239 1718 diem
1284 1692 1445 1727 eumque
1492 1682 1529 1716 in
1577 1684 1704 1727 partes
1750 1680 1857 1715 velut

1140 1742 1253 1776 horas
1298 1740 1500 1776 duodecim
1545 1739 1761 1784 partiuntur
1805 1737 1854 1772 IV

1139 1800 1219 1843 258,
1247 1800 1280 1837 5,
1312 1800 1365 1834 11.

1092 1865 1123 1899 Α
1139 1875 1163 1898 n
1178 1868 1192 1899 t
1207 1865 1229 1898 h
1245 1875 1265 1899 e
1279 1875 1297 1898 r
1310 1875 1334 1898 u
1351 1874 1379 1904 s.v
1419 1863 1622 1908 episcopus
1660 1861 1856 1896 Romanus

1140 1923 1174 1958 11
1205 1923 1283 1967 153,
1313 1923 1368 1957 17.

1095 1981 1593 2026 anthropomorphi
1658 1980 1854 2015 nominan-

1140 2045 1213 2084 tur,
1261 2040 1326 2085 qui
1375 2040 1508 2075 dicunt
1555 2039 1668 2075 deum
1717 2038 1856 2074 habere

1144 2098 1324 2143 membra,
1339 2109 1437 2143 quae
1453 2098 1567 2133 etiam
1583 2107 1653 2133 nos
1669 2097 1851 2133 habemus

1141 2158 1193 2192 ΙΙΙ
1219 2158 1300 2202 343,
1328 2158 1382 2192 17.
1409 2158 1490 2202 344,
1517 2158 1547 2191 1.

1096 2222 1487 2257 Antichristus
1554 2221 1729 2266 quisnam
1795 2220 1856 2264 sit,

1140 2280 1327 2325 suspicari
1341 2281 1431 2315 licet
1445 2290 1568 2324 neque
1583 2289 1688 2323 vero,
1703 2277 1856 2324 quando

1142 2339 1192 2374 sit
1234 2342 1421 2375 venturus
1465 2338 1516 2373 IV
1559 2338 1638 2382 253,
1681 2338 1714 2372 8.
1757 2336 1857 2371 illius

1140 2398 1324 2442 temporis
1357 2397 1554 2432 tribulatio
1582 2396 1667 2443 270,
1701 2395 1757 2430 20.

1095 2463 1563 2499 Antiochenorum
1592 2462 1756 2499 ecelesia
1784 2466 1859 2498 tra-

1142 2523 1286 2559 ditores
1322 2523 1437 2558 Afros
1472 2532 1586 2558 nos-se
1621 2533 1698 2558 non
1733 2522 1859 2568 potuit

1142 2581 1177 2616 II
1200 2582 1279 2626 402,
1304 2582 1334 2616 1.
1578 2580 1581 2583 '

1097 2646 1293 2681 Antioc
1310 2647 1332 2681 h
1349 2646 1395 2681 ia
1432 2646 1650 2691 Augustino
1687 2649 1769 2682 erat
1805 2646 1859 2681 in-

1143 2704 1299 2750 cognita
1339 2705 1373 2739 II
1414 2705 1494 2749 712,
1533 2705 1588 2740 22.
1630 2703 1858 2740 Antiochiae

1142 2764 1233 2808 quid
1271 2763 1454 2799 acciderit
1492 2764 1589 2811 inter
1624 2763 1783 2798 Paulum
1821 2766 1859 2799 et

1143 2821 1295 2856 l'etrum
1329 2825 1364 2857 et
1396 2821 1597 2856 Barnaban
1629 2821 1663 2855 Π
1694 2821 1773 2866 292,
1804 2822 1857 2856 10.
