2078 3054
250 150 335 190 216

298 277 413 312 sumit
441 276 589 312 initium
621 276 669 310 lv
701 277 775 320 183,
802 277 833 310 8.
862 273 1029 314 iustitIa!

296 346 342 370 ex
374 336 446 370 tide
476 339 534 370 est
564 346 638 369 non
670 346 716 369 ex
746 333 926 377 operibus
957 332 1007 366 lV

295 394 350 437 51,
394 393 519 437 8—52,
563 393 598 436 7;
641 393 687 433 cf.
732 391 787 426 III
830 392 908 436 679,
955 390 1007 424 16.

295 463 317 486 a
345 451 418 486 fide
447 451 638 494 incipiunt
666 451 776 494 bona,
805 450 1027 495 quaecum-¹

294 520 367 555 que
411 512 510 553 sunt,
555 508 693 544 merita
735 507 786 542 IV
832 508 909 551 183,
955 507 1007 541 13.

294 577 412 611 opera
457 567 560 603 bona
604 566 701 602 fiunt
745 567 792 601 ab
838 564 1005 608 homine,

294 626 388 661 tides
420 629 547 660 autem
582 625 624 660 fit
656 625 695 660 in
726 624 891 668 homine,
925 622 1006 658 sine

293 694 369 729 qua
408 683 474 719 illa
509 694 533 718 a
571 683 675 718 nullo
717 682 813 717 fiunt
853 681 1005 717 homine

293 741 344 776 lv
381 742 457 786 183,
493 742 546 776 16.
580 741 758 777 meritum
792 740 1006 776 misericor-

293 801 380 835 diae
420 799 515 835 fides
553 800 630 835 diei
668 809 744 834 non
785 803 916 843 potest
954 798 1004 832 IV

295 858 370 902 187,
407 858 532 893 9-14.
580 868 665 892 cum
703 857 778 892 ista
814 856 1006 892 medicina

292 916 469 951 dominus
495 916 614 959 venit,
642 920 685 950 ut
710 915 823 950 fidem
851 914 1004 958 populis

292 974 499 1018 imperaret
540 973 576 1008 II
618 974 697 1017 696,
741 974 773 1008 8.
817 972 912 1008 fides
955 971 1005 1007 ad

291 1032 484 1068 Christum
514 1042 583 1067 nos
614 1031 731 1067 trahit
760 1031 813 1066 IV
843 1031 920 1075 185,
950 1031 1003 1065 16.

291 1091 353 1126 dei
375 1091 441 1126 via
463 1091 555 1136 quid
579 1095 639 1126 est
660 1090 734 1125 nisi
757 1089 852 1125 fides
876 1089 1003 1125 recta?

291 1148 343 1184 IV
376 1149 455 1194 405,
491 1149 544 1184 11.
577 1149 625 1184 ab
658 1147 818 1184 exordio
851 1147 1004 1194 generis

291 1208 446 1243 humani
484 1207 579 1243 fides
618 1207 703 1251 ipsa
737 1206 891 1241 variata
928 1216 1004 1240 non

283 1270 349 1306 ,est
386 1263 538 1310 11554,
577 1266 630 1300 11.
670 1266 723 1300 19.
761 1269 1004 1300 sacramenta

289 1324 442 1359 variata
477 1327 578 1368 sunt,
612 1328 653 1358 ut
689 1323 766 1358 alia
801 1327 929 1358 essent
965 1322 1003 1356 in

289 1386 420 1418 vetere
450 1386 683 1417 testamento
713 1381 789 1416 alia
820 1381 859 1416 in
890 1386 1024 1436 novo,¹

289 1451 375 1476 cum
406 1440 501 1476 fides
531 1440 616 1485 ipsa
642 1439 753 1474 varia
781 1449 857 1474 non
887 1439 938 1474 sit
965 1438 1023 1483 et!

289 1509 384 1534 vera
430 1498 478 1534 sit
526 1498 580 1532 III
626 1497 705 1542 462,
754 1498 808 1533 14.
854 1495 1003 1542 antiqui

290 1557 381 1592 iusti
424 1557 558 1593 eadem
602 1556 675 1592 fide
718 1556 817 1591 salvi
860 1555 1002 1591 fiebant

287 1619 404 1662 atque
457 1614 589 1650 fideles
641 1614 827 1658 temporis
879 1613 1001 1648 nostri

288 1672 340 1707 IV
375 1673 451 1718 112,
484 1673 520 1716 2;
554 1673 600 1714 cs.
636 1673 712 1717 141,
746 1673 798 1707 16.
833 1672 887 1706 ΙΙΙ
922 1672 1000 1716 680,

290 1731 343 1767 11.
408 1731 457 1766 sit
508 1742 586 1767 una
636 1731 731 1766 tides
783 1731 1001 1774 universae,

287 1800 385 1835 quae
413 1790 553 1836 ubique
581 1789 777 1833 dila-tatur,
803 1789 1001 1833 eeclesiae,

287 1849 405 1886 etiam
444 1850 474 1885 si
512 1851 598 1894 ipsa
631 1849 719 1886 fidei
756 1850 885 1885 unitas
921 1849 1001 1895 qui-

287 1910 449 1945 busdam
475 1911 640 1945 diversis
664 1910 1001 1946 observationibus

289 1970 503 2006 celebratur
534 1970 568 2004 II
596 1971 652 2015 52,
681 1972 713 2005 3.

335 2037 492 2076 Gratiae
529 2040 714 2075 auxilium
753 2040 847 2074 fides
885 2040 1002 2083 impe-

288 2103 375 2143 trat,
414 2110 512 2145 quae
551 2104 610 2135 est
647 2101 685 2135 in
724 2100 875 2135 Christo
915 2100 1001 2135 Iesu

289 2159 342 2194 111
372 2160 451 2204 655,
487 2160 539 2195 14.
575 2164 703 2204 potest
737 2161 889 2206 quidem
923 2161 1000 2196 dici

288 2220 550 2256 remissionem
610 2225 857 2266 peecatorum
916 2232 1000 2257 esse

286 2281 462 2326 gratiam,
492 2292 590 2327 quae
622 2282 736 2317 nullis
768 2282 1000 2326 praeceden-

287 2341 388 2377 tibus
410 2341 557 2377 meritis
579 2342 708 2386 datur,
733 2343 798 2378 sed
823 2353 892 2378 neo
915 2343 1000 2388 ipsa

287 2402 460 2437 remissio
487 2406 733 2446 peccatorum
762 2403 844 2440 sine
869 2403 998 2449 aliquo

285 2462 423 2498 merito
455 2466 524 2507 est,
558 2463 588 2497 si
622 2462 717 2498 fides
752 2463 849 2498 hane
882 2463 999 2508 impe-

286 2527 363 2558 trat
391 2522 443 2557 IV
473 2523 549 2567 183,
580 2523 610 2557 1.
642 2523 907 2559 misericordia
937 2524 998 2559 dei

286 2586 324 2618 et
360 2582 487 2627 gratia
523 2593 599 2618 non
637 2583 781 2618 deserit
818 2594 896 2629 eos,
934 2584 999 2630 qui

286 2651 334 2677 ex
363 2641 445 2677 eius
475 2641 548 2678 fide
576 2643 716 2678 vivunt
745 2654 906 2689 eumque
936 2644 998 2688 pie

288 2701 419 2737 colunt
446 2701 501 2736 111
526 2703 603 2748 124,
631 2690 683 2738 121.
709 2703 747 2738 in
774 2703 883 2740 initio.
909 2703 999 2739 fidei

287 2766 344 2796 est
390 2762 503 2797 etiam
551 2762 701 2798 initium
746 2764 881 2809 bonae,
929 2765 998 2798 hoe

288 2826 346 2856 est
379 2822 466 2866 piae
500 2822 712 2858 voluntatis
748 2823 797 2857 lv
831 2825 909 2868 424,
947 2825 1020 2878 10.Ι

920 160 1062 195 Index
1091 160 1135 194 V.

1094 273 1207 309 habet
1243 274 1336 309 tides
1370 273 1502 309 oculos
1536 285 1636 318 suos,
1670 273 1807 319 quibus,

1093 332 1260 376 quodam
1285 332 1398 367 inodo
1423 332 1530 368 videt
1553 343 1686 367 verum
1710 343 1806 377 osse.

1093 391 1194 434 quod
1232 390 1400 425 nondum
1441 391 1560 435 videt,
1597 395 1635 426 et
1669 391 1806 436 quibus

1092 448 1305 483 certissime
1337 448 1445 483 videt
1476 449 1647 484 nondum
1680 459 1720 485 se
1752 450 1807 484 vi-

1092 505 1194 550 dere,
1244 506 1345 551 quod
1395 506 1519 542 eredit.
1565 506 1714 545 11711.
1752 508 1805 541 16.

1092 574 1169 599 non
1207 564 1255 599 sit
1292 564 1381 600 talis
1417 563 1513 600 fides
1550 568 1694 609 nostra,
1731 576 1807 610 qua

1092 632 1162 657 nos
1186 623 1333 668 aliquid
1354 622 1493 658 habere
1518 623 1732 667 credamus,
1758 623 1805 660 de

1092 691 1166 726 quo
1207 681 1246 716 in
1285 681 1475 716 nobismet
1517 681 1611 726 ipsis
1650 691 1727 716 non
1767 682 1803 717 in

1090 739 1246 774 domino
1292 738 1500 784 gloriemur
1546 738 1598 773 IV
1646 739 1723 784 127,
1768 740 1804 783 63

1091 797 1137 838 cf.
1171 797 1247 841 123,
1281 797 1429 841 1—12'1'.
1461 797 1517 832 21.
1547 801 1616 833 aut
1646 802 1804 842 propter

1090 855 1203 891 fidem
1250 860 1317 891 aut
1367 859 1525 899 propter
1572 866 1698 892 mores
1742 855 1805 891 vel

1090 913 1287 949 emendari
1326 918 1491 959 oportet,
1530 915 1633 959 quod
1670 924 1805 959 perpe-

1089 983 1170 1007 ram
1211 971 1336 1010 fiebat.
1386 972 1448 1007 vel
1487 972 1649 1017 inst-itui,
1701 973 1803 1018 quod

1089 1040 1166 1065 non
1198 1029 1312 1065 fiebat
1345 1029 1379 1063 II
1411 1030 1488 1075 165,
1522 1030 1575 1065 19.
1607 1031 1708 1076 quod
1741 1041 1803 1066 ne-

1088 1099 1161 1133 que
1197 1093 1332 1124 contra
1365 1088 1477 1124 tidem
1511 1100 1634 1134 neque
1669 1093 1805 1124 eontra

1088 1147 1210 1182 bonos
1254 1157 1379 1182 mores
1422 1158 1506 1183 esse
1548 1147 1803 1192 convincitur,

1089 1205 1354 1241 indifferenter
1393 1205 1613 1242 habendum
1654 1211 1691 1247 et
1734 1216 1803 1250 pro

1089 1273 1231 1308 eorum,
1256 1264 1355 1299 inter
1381 1274 1476 1309 quos
1500 1264 1659 1309 vivitur,
1685 1265 1803 1300 soeie-

1088 1325 1168 1357 tate
1203 1322 1435 1357 servandum
1471 1326 1530 1357 est
1564 1321 1600 1356 II
1636 1323 1712 1367 160,
1748 1323 1802 1357 13.

1089 1379 1319 1416 introierunt
1348 1390 1433 1415 cum
1460 1390 1603 1424 sponso
1630 1381 1681 1416 ad
1709 1391 1803 1424 nup-

1088 1438 1163 1473 tias
1188 1438 1371 1483 virgines,
1400 1450 1498 1484 quae
1528 1449 1660 1474 veram
1689 1439 1801 1475 fidem

1086 1507 1296 1542 veramque
1324 1497 1507 1541 pietatem
1535 1498 1649 1533 eorde
1677 1502 1802 1545 gesta-

1088 1557 1190 1592 bant*
1228 1556 1283 1591 III
1330 1558 1408 1602 228,
1457 1558 1511 1593 24.
1572 1558 1802 1602 temporalia

1088 1618 1290 1653 commoda
1314 1628 1384 1662 pro
1411 1617 1485 1653 fide
1511 1622 1625 1663 atque
1653 1618 1801 1654 iustitia

1087 1679 1371 1715 contemnendav
1410 1683 1499 1719 sunt
1537 1679 1591 1713 III
1629 1680 1705 1724 136,
1747 1680 1800 1715 14.

1086 1739 1310 1782 temporalis
1342 1749 1445 1774 mors
1479 1740 1652 1783 eorporis
1685 1741 1799 1776 etiam

1087 1799 1125 1834 in
1159 1799 1229 1843 his,
1265 1800 1330 1845 qui
1365 1800 1507 1835 Christi
1544 1804 1666 1836 morte
1703 1801 1801 1837 redi-

1086 1863 1252 1904 muntur,
1291 1860 1520 1906 relinquitur
1559 1861 1712 1897 interim
1751 1861 1800 1896 ad

1086 1921 1403 1957 exercitationem
1439 1921 1527 1956 fidei
1562 1926 1601 1956 et
1636 1932 1798 1966 agonem

1087 1981 1303 2024 praesentis
1331 1981 1551 2017 luctaminis
1580 1981 1635 2016 III
1661 1982 1740 2027 468,
1767 1983 1798 2017 9.

1086 2042 1212 2085 parati
1241 2052 1324 2077 esse
1353 2042 1535 2078 debemus
1565 2043 1613 2078 ad
1643 2052 1799 2087 respon-

1087 2101 1232 2137 sionem
1273 2103 1376 2138 omni
1416 2103 1593 2147 poscenti
1632 2113 1702 2138 nos
1742 2114 1799 2138 ra-

1086 2162 1228 2198 tionem
1257 2163 1303 2198 de
1334 2163 1407 2199 fide
1436 2168 1474 2199 et
1503 2173 1570 2207 spe
1601 2167 1735 2199 nostra
1762 2163 1798 2198 II

1086 2224 1164 2268 707,
1188 2224 1220 2258 6.
1247 2228 1336 2258 sunt
1359 2223 1658 2260 innumerabiles
1684 2234 1798 2270 quae-

1086 2283 1242 2328 stiones,
1267 2295 1365 2330 quae
1390 2294 1466 2319 non
1493 2289 1582 2320 sunt
1605 2284 1797 2320 finiendae

1085 2348 1174 2380 ante
1201 2343 1326 2388 fidem,
1353 2356 1399 2380 ne
1426 2344 1580 2380 finiatur
1606 2345 1690 2380 vita
1715 2345 1797 2380 sine

1084 2404 1158 2440 fide
1199 2403 1234 2438 ΙΙ
1274 2405 1352 2449 578,
1392 2406 1424 2440 9.
1464 2404 1553 2441 fidei
1593 2405 1796 2441 duodecim

1085 2465 1299 2501 sententiae
1334 2465 1386 2499 IV
1420 2465 1499 2510 414,
1534 2466 1587 2501 15.
1623 2465 1717 2501 fides
1751 2466 1797 2500 A.

1085 2525 1136 2559 lV
1165 2525 1243 2569 540,
1275 2525 1425 2570 4—-553,
1455 2525 1509 2561 14.
1538 2526 1617 2570 558,
1649 2526 1796 2562 15—25.

1084 2585 1299 2622 cavendum
1348 2590 1418 2631 est,
1466 2596 1513 2621 ne
1562 2586 1795 2621 adiutorium

1084 2646 1290 2682 violandae
1342 2646 1431 2682 fidei
1481 2647 1522 2681 in
1571 2646 1657 2690 ipsa
1707 2647 1795 2683 fidei

1084 2706 1197 2742 domo
1230 2706 1447 2751 requiratur
1481 2706 1533 2741 IV
1565 2707 1645 2752 594,
1676 2707 1708 2742 3.
1739 2707 1795 2742 uti

1084 2766 1174 2802 licet,
1220 2765 1294 2802 fide
1340 2766 1452 2811 illius,
1498 2767 1574 2812 qui,
1622 2771 1663 2802 ut
1711 2777 1793 2802 eam

1084 2830 1222 2870 servet,
1264 2837 1330 2871 per
1367 2827 1572 2862 daemonia
1610 2827 1792 2862 iuraverit
