2078 3054
887 140 1027 175 Index
1055 140 1128 174 111.
1695 127 1742 167 21
1790 130 1793 132 ’

247 257 304 293 vel
338 257 496 300 proiecti
529 257 701 300 fuissent,
732 267 807 291 non
838 256 972 291 fierent
1002 255 1093 290 alibi
1123 255 1252 291 clerici
1283 259 1349 289 aut
1380 254 1592 298 praepositi
1623 264 1751 289 mona·

245 315 458 349 steriorum.
498 314 598 359 quod
626 324 723 357 cum,
749 318 791 348 ut
818 323 934 356 supra
961 313 1008 347 ad
1037 322 1096 356 ep.
1123 313 1166 347 60
1193 311 1476 355 adnotavimus,
1502 311 1632 345 Idibus
1660 310 1750 354 Sep-

246 373 453 408 tembribus
474 383 506 406 a.
527 373 592 407 401
616 372 653 406 in
675 371 837 406 concilio
858 370 1154 414 Carthaginensi
1177 369 1318 404 factum
1341 369 1390 404 sit
1410 374 1525 414 atque
1548 368 1640 403 illud
1663 379 1749 403 con-

244 429 370 464 cilium
391 439 523 464 recens
542 428 770 472 appelletur,
789 429 886 463 hanc
906 427 1109 471 epistulam
1131 426 1236 462 brevi
1257 431 1344 470 post
1365 426 1548 470 scriptam
1568 436 1651 460 esse
1671 425 1750 460 effl-

244 487 353 529 citur,
378 491 480 521 certe
503 491 592 520 ante
615 485 817 520 concilium
842 484 1119 526 Milevitanum,
1142 484 1244 528 quod
1268 484 1481 518 insecutum
1505 487 1564 519 est
1587 482 1639 516 VI
1663 482 1749 518 Kal.

244 543 477 586 Septembris
504 553 536 576 a.
564 542 641 576 402.
681 552 803 586 neque
833 542 933 576 enim
961 551 1017 584 ea,
1046 551 1143 585 quae
1171 545 1259 575 sunt
1287 540 1325 575 in
1354 550 1390 584 p.
1418 540 1495 582 231,
1527 540 1664 575 20-25
1695 540 1748 574 ita

243 600 461 643 scripsisset
490 599 739 643 Augustinus,
766 599 798 634 si
826 598 1099 634 antecessisset
1125 598 1219 633 illud
1245 598 1440 633 decretum
1467 597 1619 631 concilii
1647 597 1749 632 Mile-

242 657 363 691 vitani
387 658 433 692 de
457 657 674 699 lectoribus,
698 656 797 701 quod
822 656 934 691 modo
958 656 1006 690 ad
1032 655 1264 699 superiorem
1291 655 1495 698 epistulam
1523 664 1747 690 commemo-

242 714 422 749 ravimus.

383 771 558 814 Epistula
583 772 627 806 65
653 781 688 814 p.
715 771 793 813 ⁸233,
819 771 876 804 21:
906 769 1049 803 Audit-i
1075 779 1229 804 causam
1255 771 1348 810 eius,
1375 779 1460 803 cum
1487 772 1638 803 centum
1666 769 1749 803 dies

242 831 370 862 essent
394 829 444 862 ad
468 828 701 862 dominicum
725 827 905 870 paschae,
931 827 995 870 qui
1019 826 1171 866 tuturus
1195 829 1254 860 est
1280 825 1367 860 VIII
1392 826 1446 861 Id.
1472 825 1626 870 Aprilis.
1663 835 1744 860 cen-

240 885 398 918 tesimus
423 884 505 918 dies
532 889 620 917 ante
647 882 736 916 VIII
764 883 817 917 Id.
845 883 988 926 Aprilis
1015 887 1074 917 est
1101 882 1133 915 V
1161 882 1246 916 Kal.
1275 882 1487 923 lanuarias,
1515 883 1659 926 scripta
1688 886 1744 917 est

242 942 358 986 igitur
380 941 547 985 epistula
570 941 670 975 intra
691 940 791 975 diem
813 941 845 974 V
871 940 957 975 Kal.
979 939 1178 974 Ianuarias
1201 944 1239 975 et
1259 939 1349 973 VIII
1373 939 1426 974 ld.
1450 939 1594 983 Aprilis
1617 950 1746 975 mense

241 998 418 1033 Ianuario
440 1004 506 1032 aut
527 997 733 1032 Februario
754 1002 818 1031 aut
840 997 975 1031 Martio
997 1002 1112 1040 atque
1133 1006 1176 1031 eo
1198 1006 1311 1039 anno,
1334 1007 1407 1041 quo
1428 997 1510 1031 dies
1531 996 1745 1031 dominicus

240 1055 404 1098 paschae
438 1060 519 1089 ertit
555 1054 644 1087 VIII
679 1054 733 1088 Id.
768 1054 923 1098 Aprilis,
957 1064 1066 1098 quem
1102 1064 1242 1088 annum
1278 1053 1345 1087 402
1379 1054 1496 1089 fuisse
1531 1060 1743 1097 temporum

239 1117 523 1156 computatores
554 1111 821 1155 confirmant.¹)

380 1169 698 1213 Mappaliensium
719 1169 983 1212 rebaptizatio,
1006 1180 1103 1214 quae
1126 1169 1394 1213 Augustinum,
1414 1174 1457 1203 ut
1477 1169 1681 1212 epistulam
1701 1169 1745 1204 66

238 1228 285 1261 ad
323 1227 552 1270 Crispinum,
591 1227 851 1263 {¹alamensem
893 1227 1115 1270 episcopum
1154 1226 1408 1270 Donatistam,
1445 1227 1624 1269 mitteret,
1662 1236 1745 1269 per-

237 1284 368 1323 movit,
400 1285 552 1328 quando
585 1284 686 1318 facta
718 1284 776 1321 sit.
808 1288 986 1319 accurate
1020 1284 1170 1318 definiri
1201 1293 1276 1318 non
1308 1288 1447 1326 potest.
1491 1283 1586 1318 dicit
1617 1287 1743 1318 tamen

239 1341 476 1386 Augustinus
502 1341 549 1376 ‹le
578 1352 621 1376 ea
650 1352 688 1376 re
716 1341 753 1375 in
781 1340 874 1376 libro
904 1341 936 1375 II
965 1345 1098 1376 contra
1124 1340 1271 1375 litteras
1298 1340 1473 1375 Petiliani
1501 1350 1533 1375 c.
1560 1341 1619 1375 83:
1648 1340 1745 1382 Quid

238 1410 258 1433 a
277 1409 427 1443 uper,
454 1400 555 1443 quod
585 1402 667 1444 ipse
693 1400 864 1433 adhuc
890 1400 1073 1443 luqeo.
1100 1409 1226 1433 nonne
1253 1400 1455 1443 Crispinus
1481 1402 1610 1434 vester
1637 1399 1742 1434 Cala-

239 1458 391 1494 mensis.
417 1468 499 1491 cnm
526 1459 681 1491 emisset
705 1458 987 1500 possessionem
1014 1460 1050 1491 et
1076 1443 1158 1490 leoc'
1173 1457 1511 1501 emphyteuticam,
1538 1467 1613 1492 non
1638 1456 1743 1490 dubi-

238 1516 335 1549 tavit
364 1517 402 1549 in
435 1515 556 1554 fundo
592 1515 865 1549 catholicorum
900 1516 1185 1558 imperatorum,
1221 1524 1380 1559 quorum
1414 1515 1563 1559 leyibus
1599 1525 1669 1550 nec
1706 1516 1743 1549 in

237 1573 459 1606 civitatibus
496 1582 581 1607 esse
619 1573 712 1606 iussi
751 1574 855 1613 estis,
893 1582 968 1606 uno
1009 1574 1164 1607 terroris
1206 1573 1351 1616 impetu
1388 1573 1588 1616 octoqinta
1625 1574 1743 1613 ferme

236 1630 384 1664 animas
417 1630 625 1664 miserabili
658 1631 803 1674 yemitu
840 1631 1087 1664 mussitantes
1122 1629 1396 1674 rebaptizando
1431 1630 1698 1674 submeryere?
1711 1630 1739 1673 ²)

237 1687 299 1729 qui
322 1686 415 1721 liber
441 1691 622 1721 exaratus
647 1697 730 1721 esse
757 1687 909 1721 videtur
935 1697 968 1721 a.
997 1687 1107 1730 401.³j)

376 1743 588 1786 Epistulam
625 1745 669 1778 67
707 1744 945 1788 Augustinus
983 1754 1050 1787 per
1089 1744 1279 1779 Asterium
1319 1744 1639 1789 hypodiaconum,
1678 1745 1741 1790 qui

237 1801 370 1835 iterum
386 1800 415 1844 ⁴)
456 1801 493 1835 in
532 1801 789 1836 Palaestinam
830 1801 1154 1844 proficiscebatur,
1191 1802 1239 1836 ad
1282 1802 1554 1846 Hieronymum
1595 1802 1739 1836 misit&

236 1862 349 1902 atque
379 1857 634 1902 Hieronymus
668 1859 835 1901 epistula
867 1859 912 1894 68
947 1859 1147 1902 respondit
1183 1870 1342 1904 eamque
1377 1859 1581 1902 epistulam
1618 1860 1740 1894 eidem

237 1914 387 1949 Asterio
418 1916 455 1949 in
487 1914 654 1949 Africam
686 1916 893 1950 revertenti
923 1916 971 1950 ad
1003 1915 1259 1959 Augustinum
1290 1916 1556 1960 perferendam
1590 1917 1738 1960 dodim)

235 1971 341 2005 cuius
376 1972 563 2015 epistulae
597 1972 634 2006 in
667 1978 774 2015 parte
810 1978 983 2008 extrema
1014 1972 1270 2018 Hieronymus
1302 1973 1479 2008 Rufinum
1513 1974 1739 2009 maledicum

236 2028 305 2063 sibi
336 2029 483 2064 misisse
519 2029 743 2072 opusculum
760 2030 786 2072 ⁷)
826 2030 1082 2074 conqueritur,
1118 2031 1183 2065 sed
1222 2030 1346 2074 ipsum
1382 2031 1456 2065 iam
1492 2031 1659 2066 breviter
1693 2041 1740 2066 ex

235 2090 342 2127 parte
372 2087 659 2129 resp0n‹lisse⁸)
687 2087 781 2122 dicit
807 2092 845 2122 et
869 2087 950 2122 eius
976 2087 1093 2122 libelli
1119 2088 1335 2131 exemplum
1362 2099 1438 2123 una
1464 2098 1546 2123 cum
1575 2088 1740 2132 epistula

235 2153 273 2177 se
298 2144 447 2178 mittere
471 2144 585 2178 latius
609 2154 716 2187 opus,
742 2155 825 2179 cum
850 2150 1109 2188 opportunum
1136 2150 1249 2189 esset,
1273 2146 1394 2189 primo
1419 2146 1621 2180 missurum
1649 2150 1740 2180 tem-

234 2209 336 2242 pore.
375 2200 501 2235 Rufini
533 2206 659 2235 autem
691 2201 895 2236 maledicta
928 2202 1148 2245 conscripta
1179 2213 1262 2237 esse
1297 2203 1476 2238 dicuntur
1507 2213 1540 2238 a.
1575 2203 1643 2237 400
1674 2207 1739 2237 aut

233 2257 310 2291 401.
334 2257 556 2302 Hieronymi
583 2259 782 2301 responsio
810 2259 913 2302 prior
939 2270 972 2293 3.
1002 2259 1084 2302 402;
1113 2265 1294 2304 tempore,
1323 2260 1424 2305 quod
1452 2260 1549 2295 inter
1578 2261 1674 2295 hanc
1701 2265 1738 2296 et

374 2373 403 2414 ¹)
432 2371 513 2406 Mas
537 2372 675 2415 Latrie,
696 2372 835 2407 Tresor
858 2372 904 2408 de
927 2372 1182 2418 Chronologie
1205 2384 1241 2418 p.
1266 2375 1342 2410 107.

371 2429 400 2468 ²)
430 2428 555 2472 Migne
583 2429 718 2472 patrol.
746 2429 809 2463 lat.
836 2429 957 2463 XLIII
987 2440 1022 2473 p.
1049 2431 1127 2473 316,
1154 2431 1325 2474 39—317,
1351 2431 1382 2465 2.

371 2485 399 2527 ³)
428 2484 610 2528 Ribbeck,
642 2484 815 2521 Donatus
845 2487 923 2522 und
955 2487 1204 2531 Augustinus,
1237 2488 1427 2524 Elberfeld
1461 2489 1560 2530 1858,
1592 2500 1626 2533 p.
1658 2490 1737 2523 391.

371 2541 398 2584 ⁴¹)
429 2551 466 2585 p.
493 2543 549 2585 67,
577 2543 608 2576 4.
843 2543 872 2586 5>
902 2553 938 2587 p.
967 2544 1045 2588 240,
1072 2545 1173 2579 4—5.
1410 2546 1438 2589 ⁰)
1468 2555 1503 2588 p.
1530 2546 1608 2586 264,
1635 2546 1735 2579 2-4.

371 2598 399 2640 7)
428 2598 554 2634 Rufini
587 2599 789 2644 apologiae
822 2601 858 2635 in
890 2599 1163 2646 Hieronymum
1196 2602 1280 2637 libri
1312 2603 1386 2638 ‹luo
1425 2603 1567 2648 (Migne
1600 2602 1735 2647 patrol.

233 2655 296 2689 lat.
317 2656 404 2690 XXI
430 2666 464 2700 p.
488 2657 701 2695 541-624).

370 2712 399 2756 ⁸)
429 2712 651 2758 Hieronymi
699 2714 901 2759 apologiae
950 2716 1136 2751 adversus
1184 2717 1300 2752 libros
1348 2717 1474 2754 Rufini
1524 2717 1609 2752 libri
1659 2717 1733 2751 duo

236 2768 376 2814 (Migne
397 2771 533 2814 patrol.
558 2771 622 2805 lat.
646 2770 770 2805 XXIII
795 2782 832 2817 p.
855 2773 1067 2817 397—456).
