2078 3054
900 134 1141 169 Praefatio.
1640 133 1767 169 xxix

249 253 334 295 folii
367 253 420 293 63
452 253 727 307 abrumpatur
759 252 799 292 in
830 251 970 292 media
1001 250 1173 306 periodo
1206 251 1346 292 verbis
1373 253 1432 293 sic
1453 265 1533 303 pro
1564 251 1637 292 illa
1660 251 1770 293 labo-

251 318 402 370 rure.1)

305 379 450 422 Codex
482 380 609 433 igitur
640 379 911 421 detruncatus
943 384 1004 420 est
1038 383 1078 419 et
1109 379 1162 419 ab
1194 379 1313 420 initio
1345 385 1386 420 et
1418 379 1458 419 in
1489 378 1584 429 tine,
1617 377 1770 419 deinde

249 444 356 485 inter
388 443 609 496 epistulam
642 444 691 484 31
729 448 770 484 et
803 442 869 494 24,
909 447 993 483 tum
1028 442 1136 482 inter
1173 442 1394 496 epistulam
1428 442 1483 482 94
1513 446 1554 483 et
1586 441 1769 483 Pseudo-

248 506 424 559 fulgenti
473 519 721 559 sermonem,
764 506 946 558 denique
991 506 1099 546 inter
1135 506 1356 559 epistulam
1396 505 1473 546 261
1516 511 1556 546 et
1591 505 1769 559 primum

248 569 474 623 Augustini
523 583 770 611 sermonem.
820 582 955 610 sermo
996 574 1135 609 autem
1178 569 1256 608 127
1297 582 1379 609 non
1422 573 1657 623 postremus
1693 567 1771 610 fuit

248 633 417 683 codicis,
450 632 523 674 sed
553 633 682 674 secuti
712 639 830 674 erant
859 632 1049 686 permulti
1077 632 1147 672 alii
1177 646 1312 685 neque
1340 645 1487 673 omnes
1509 632 1769 673 interierunt.

248 709 343 736 nam
376 696 416 736 in
451 696 707 737 bibliotbcca
730 696 970 737 Genevensi
998 694 1248 736 adservatur
1276 695 1381 737 liber
1408 709 1482 736 ms.
1516 708 1688 736 numero
1719 696 1770 735 16

248 759 452 811 signatus,
477 773 598 811 quem
619 772 727 802 saec.
755 759 807 799 vl
831 758 1063 799 uncialibus
1081 759 1230 799 litteris
1251 764 1470 800 exaratum
1489 764 1526 800 et
1546 759 1769 813 Augustini

248 836 461 864 sermones
508 821 733 863 habentem
778 822 827 862 H.
872 821 1046 862 Bordier
1093 821 1280 863 eiusdem
1323 821 1478 863 codicis
1518 826 1769 876 postremam

249 892 407 939 partem
444 886 573 927 fuisse
606 885 923 936 demonstravit,
958 885 1074 926 cuius
1107 885 1239 939 prima
1264 885 1408 926 suisset
1433 885 1537 926 liber
1560 886 1772 926 Parisinus

252 950 448 1002 11‹341.‘-')

305 1013 380 1054 Cui
414 1012 594 1054 Parisini
624 1013 717 1054 libri
743 1018 783 1054 et
805 1012 1069 1054 Genevensis
1093 1012 1326 1053 condicioni
1351 1013 1609 1066 insperatum
1632 1012 1768 1053 lumen

249 1076 435 1117 adlatum
475 1083 550 1128 est,
594 1090 687 1117 eum
726 1075 968 1117 incidissem
1009 1076 1049 1115 in
1083 1076 1233 1116 librum
1267 1074 1769 1117 Clreltenbamensem

248 1140 376 1179 2173
414 1153 544 1181 <nune
577 1139 972 1192 Cantabrigiensem
1007 1138 1115 1179 Add.
1155 1138 1285 1192 3479)
1324 1152 1432 1180 saec.
1474 1139 1512 1178 X
1556 1140 1769 1192 scriptum.

249 1204 317 1255 qui
351 1203 498 1244 eadem
523 1217 615 1244 eum
639 1203 719 1244 illis
748 1203 949 1256 opuscula
971 1201 1117 1244 eodem
1146 1201 1290 1243 ordine
1314 1202 1453 1244 liabct.
1486 1202 1558 1243 sed
1583 1216 1629 1243 eo
1654 1217 1770 1256 prae—

248 1272 342 1316 stat,
387 1266 497 1319 quod
537 1267 700 1319 integer
745 1273 806 1307 est
850 1266 1048 1318 illumque
1092 1265 1293 1316 codicem,
1339 1266 1455 1306 cuius
1498 1271 1638 1319 partes
1675 1272 1770 1307 sunt

249 1330 462 1371 Parisinus
493 1335 534 1371 et
566 1330 843 1372 Genevensis.
878 1335 1008 1370 totum
1041 1335 1341 1384 repraesentat.
1355 1331 1387 1385 ³)
1419 1334 1545 1382 atque
1569 1331 1677 1370 inter
1708 1343 1769 1370 ea.

248 1406 354 1445 quae
372 1393 527 1435 ibidem
546 1407 826 1448 reppereram,
861 1394 1069 1434 cumulum
1094 1393 1195 1434 mibi
1218 1392 1361 1447 gaudii
1384 1393 1624 1435 adtulerunt
1647 1394 1771 1435 binae

247 1457 409 1498 litterae
440 1457 578 1499 adbuc
611 1458 864 1512 incognitae,
897 1471 1002 1510 quas
1034 1470 1207 1499 numero
1240 1457 1341 1498 92A
1375 1463 1416 1498 et
1451 1458 1582 1497 173A
1606 1463 1772 1498 notatas

249 1519 343 1560 buic
383 1520 556 1561 editioni
594 1521 761 1562 inserui.
807 1528 902 1562 sunt
942 1521 1052 1562 enim
1086 1522 1126 1561 in
1159 1521 1227 1561 illo
1260 1521 1403 1562 codice
1437 1521 1642 1574 epistulae
1679 1522 1768 1561 1336.

252 1584 344 1624 1345.
385 1585 473 1624 133.
511 1585 603 1625 134.
639 1584 761 1624 92A.
805 1585 945 1625 173Α.
981 1585 1046 1624 25.
1081 1585 1147 1625 30.
1183 1585 1249 1625 27.
1291 1586 1357 1625 31.
1398 1585 1463 1625 2-1.
1498 1584 1565 1624 42.
1600 1585 1667 1625 45.
1701 1585 1767 1625 94.

250 1645 594 1699 Pseudofulgenti
633 1661 768 1689 sermo
800 1648 927 1688 XLV.
968 1647 1174 1701 epistulae
1215 1647 1297 1687 260
1339 1652 1378 1688 et
1422 1647 1518 1695 261,
1561 1661 1665 1700 quas
1706 1662 1767 1688 se-

249 1716 431 1761 quuntur
449 1710 673 1763 Augustini
693 1724 905 1752 sermones
923 1711 1017 1751 351.
1043 1710 1137 1751 392.
1167 1712 1229 1751 18.
1255 1712 1320 1752 st.
1347 1711 1411 1751 77.
1441 1712 1517 1751 127
1546 1712 1616 1752 alii
1639 1712 1767 1752 multi.

250 1772 360 1813 unde
402 1774 653 1827 perspicitur
695 1775 734 1814 in
779 1774 934 1815 codicis
976 1774 1151 1815 Parisini
1195 1775 1328 1815 11641
1369 1775 1573 1829 principio
1612 1776 1769 1829 perisse

250 1836 450 1889 epistulas
489 1838 682 1878 136—5-30
714 1843 752 1878 et
786 1838 963 1891 priorem
1003 1844 1163 1892 partem
1198 1838 1402 1892 epistulae
1435 1838 1502 1886 27,
1535 1852 1642 1890 quae
1675 1845 1769 1879 sunt

250 1899 347 1939 folia
386 1900 550 1941 circiter
587 1901 661 1954 3303
703 1907 954 1955 postremam
994 1907 1153 1955 partem
1193 1902 1397 1955 epistulae
1435 1903 1482 1942 31
1527 1908 1567 1943 et
1606 1902 1768 1942 initium

250 1962 453 2015 epistulae
486 1964 556 2014 24,
579 1964 669 2005 duo
702 1964 822 2018 folia,
857 1964 980 2005 tinem
1012 1965 1217 2018 epistulae
1240 1965 1294 2005 94
1317 1971 1356 2006 et
1379 1965 1543 2006 initium
1567 1966 1771 2006 sermonis

251 2025 609 2079 Pseudosulgentr
653 2027 796 2068 folium
836 2042 982 2079 unum,
1023 2029 1146 2069 linem
1181 2029 1385 2083 epistulae
1419 2029 1497 2068 ‘361
1535 2035 1573 2069 et
1606 2029 1768 2070 initium

249 2090 452 2130 sermonis
485 2092 710 2143 Augustini
743 2093 839 2132 551.

309 2152 452 2194 Codex
496 2154 710 2195 Parisinus
752 2155 885 2194 11641
931 2160 971 2196 et
1011 2155 1405 2197 Clielteubamensis
1443 2154 1555 2195 2173
1595 2169 1769 2208 quorum

251 2216 363 2256 illum
397 2217 433 2258 S.
469 2218 610 2259 Reiter
648 2219 689 2258 in
729 2231 865 2258 meum
906 2227 1023 2259 usum
1063 2219 1262 2270 excussit,
1302 2218 1412 2260 hune
1451 2219 1557 2259 Flor.
1593 2219 1770 2273 Weigel,

251 2280 435 2320 maxima
472 2281 724 2333 cognatione
763 2281 870 2341 inter
908 2295 951 2322 se
991 2282 1258 2324 continentur
1296 2295 1430 2337 neque
1463 2282 1684 2334 quicquam
1717 2296 1769 2323 ex

251 2342 441 2395 epistulis
473 2343 642 2396 quidem
674 2343 829 2385 adferri
865 2350 1014 2398 potest,
1048 2345 1156 2398 quod
1187 2359 1260 2386 nos
1283 2345 1498 2399 impediat,
1531 2358 1612 2398 quo
1634 2346 1771 2387 minus

251 2405 360 2445 bunc
378 2419 427 2446 ex
455 2406 521 2448 illo
545 2407 775 2460 profectum
799 2421 891 2448 csse
915 2409 1204 2462 stattiannis.⁴)
1227 2407 1280 2448 ad
1305 2408 1594 2449 emendandas
1615 2413 1769 2461 autem,

252 2482 354 2521 quas
387 2469 555 2521 babent,
591 2471 793 2524 epistulas
826 2478 998 2523 uterque
1032 2472 1136 2512 liber
1159 2472 1378 2525 plurimum
1403 2473 1590 2524 contulit,
1623 2487 1767 2526 quam-

312 2590 336 2622 ¹)
366 2589 484 2630 Migm·
513 2590 640 2632 patrol.
662 2591 720 2623 lat.
745 2591 944 2624 xxxtlll
976 2602 1006 2634 p.
1029 2594 1105 2631 7116,
1132 2594 1184 2626 52.

310 2644 337 2683 “-’)
365 2641 502 2674 Etudcs
528 2641 857 2685 pult-ographiques
884 2654 915 2686 p.
948 2645 1124 2678 107—154.

312 2693 339 2733 ³)
365 2693 418 2725 (l.
439 2703 531 2735 qua«-
559 2694 708 2736 vxposui
738 2694 771 2727 in
800 2694 946 2727 Wiener
973 2695 1124 2728 >tudicn
1154 2695 1295 2729 XXXV
1326 2696 1446 2739 (1913)
1473 2708 1504 2740 p.
1528 2700 1715 2733 15s*169.

310 2746 336 2775 ⁴)
363 2744 453 2783 Quin
482 2745 588 2777 ctiam
618 2756 658 2777 cx
680 2746 757 2788 ipso
778 2745 837 2778 illo
856 2746 980 2778 codice
1001 2747 1255 2790 transcriptum
1276 2758 1355 2780 cnm
1376 2758 1455 2780 csse
1474 2749 1641 2782 concludi
1661 2760 1767 2792 posse

254 2794 398 2827 murm·
426 2807 465 2827 vx
496 2807 549 2838 cp.
578 2800 619 2831 45.
648 2808 677 2839 p.
713 2799 783 2832 122.
811 2799 864 2831 21,
