2078 3054
897 194 1035 229 Index
1063 193 1136 227 lll.
1708 180 1762 219 55

265 314 319 346 cis
343 312 566 346 subvenitur
591 311 825 354 episcopum,
851 310 921 343 iste
946 311 1071 342 autem
1100 318 1145 341 ne
1170 318 1210 341 se
1237 310 1344 341 tanto
1369 307 1511 341 scelere
1537 307 1763 350 obsti-inqut,

262 372 314 408 m,
340 379 434 413 quos
462 368 614 402 molitur
642 368 784 401 inritos
811 366 938 405 facere
963 375 1064 406 suos,
1089 375 1110 398 a
1136 365 1286 399 Chre'slo
1311 364 1430 405 saciat
1454 364 1641 406 alienos.¹)

401 425 543 466 Quibus
569 435 651 458 cum
678 424 789 459 rebus
816 423 977 458 fortasse
1003 422 1246 456 coniunctum
1274 421 1389 456 fuisse
1418 421 1467 464 id,
1493 421 1594 466 quod
1622 421 1658 455 in
1685 420 1762 464 epi-

263 482 360 516 stula
391 483 458 517 2⁰8
488 487 686 519 tractatur.
718 480 879 515 Maunini
911 480 1166 514 coniecerunt.
1211 479 1348 513 Felicia
1381 479 1479 513 enim
1512 478 1634 522 virgo,
1665 488 1761 522 quae

261 551 307 574 ex
339 545 446 582 parte
478 538 617 573 Donati
648 539 696 573 ad
728 538 954 572 catholicam
988 536 1187 571 ecclesiam
1218 536 1466 579 transierat&
1500 535 1692 570 scandalis
1725 535 1760 569 in

261 597 424 632 ecclesia
463 596 605 631 exortis
645 595 815 640 graviter
855 599 911 629 est
952 594 1186 637 perturbata,
1228 600 1270 628 ut
1312 592 1519 636 periculum
1562 597 1673 635 esset,
1716 604 1760 626 ne

262 654 416 687 fastidio
447 658 637 687 tantarum
669 652 911 696 iniquitatum
944 662 967 686 a
998 651 1186 685 catholica
1216 650 1480 685 communione
1513 654 1761 684 averteretur.

262 711 308 745 de
350 710 456 744 cuius
497 710 618 744 salute
659 709 843 744 sollicitus
883 708 1120 752 Augustinus
1161 708 1228 741 has
1267 706 1413 742 litteras
1453 706 1500 741 ad
1540 717 1622 741 eam
1661 706 1762 740 misit

262 778 430 803 monens.
454 778 497 801 ne
522 767 632 801 nimis
654 771 957 800 commoveretur
983 765 1056 799 illis
1079 765 1285 799 scandalis:
1308 765 1383 799 duo
1406 764 1505 799 enim
1528 775 1611 799 esse
1635 771 1761 807 pasto-

261 835 340 858 rum
369 834 523 867 genera:
555 825 650 861 alios
682 829 884 867 propterea
913 828 1041 857 tenere
1070 822 1283 866 pastorales
1311 822 1524 865 cathedras,
1552 826 1592 856 ut
1621 821 1761 856 Christi

260 882 438 925 gregibus
475 882 728 917 consulerent.
763 881 859 915 alios
894 890 984 915 vero
1022 886 1226 923 propterea
1262 880 1297 914 in
1333 879 1388 914 eis
1427 879 1570 922 sedere,
1607 884 1647 913 ut
1683 878 1761 913 suis

261 939 465 973 honoribus
517 939 790 982 temporalibus
842 944 877 972 et
932 937 1140 972 commodis
1193 936 1451 971 saecularibus
1503 936 1758 981 gaudemntfl)

261 1001 416 1039 propter
445 996 512 1030 hos
542 996 638 1030 tilios
669 995 882 1039 iniquitatis
910 1005 1052 1038 pascua
1082 1006 1126 1028 ne
1154 995 1348 1029 desereret
1378 994 1536 1028 unitatis
1564 1004 1660 1028 neve
1688 993 1761 1027 vir-

260 1053 432 1096 ginitatis
467 1064 556 1088 suae
590 1054 751 1087 fructum
786 1063 868 1087 cum
905 1052 1064 1095 perditis
1098 1051 1274 1095 perderet
1307 1056 1370 1086 aut
1406 1051 1561 1095 periret3
1597 1051 1627 1085 si
1661 1051 1759 1085 enim

260 1110 305 1144 de
335 1110 407 1144 isto
436 1111 587 1145 saeculo
616 1110 735 1145 exiret
767 1115 944 1153 separata
973 1110 1020 1144 ab
1049 1110 1194 1145 unitate
1224 1109 1394 1152 corporis
1423 1108 1574 1150 Christi,
1605 1108 1696 1143 nihil
1726 1108 1759 1142 ei

261 1168 441 1210 piodesse
469 1173 658 1202 servatam
686 1167 857 1210 corporis
883 1166 1183 1210 integritatem.⁴)
1225 1177 1321 1211 quae
1348 1176 1430 1200 cum
1459 1166 1512 1200 ita
1537 1166 1623 1209 sint,
1650 1165 1760 1200 facile

258 1224 493 1259 adducimur.
526 1232 565 1259 ut
598 1225 796 1259 credamus
830 1224 1062 1259 Antoninum
1098 1224 1200 1258 illum
1234 1223 1350 1259 fuisse
1383 1223 1521 1258 malum
1556 1227 1759 1266 pastorem,

259 1283 305 1317 de
330 1283 465 1326 quibus·
491 1283 727 1325 Augustinus
753 1282 929 1316 Feliciam
958 1281 1187 1317 consolatur.
1214 1287 1251 1315 et
1275 1281 1477 1324 epistulam
1504 1281 1570 1314 208
1598 1291 1642 1314 eo
1670 1285 1760 1314 tem-

261 1350 350 1382 pore
376 1341 555 1383 scriptam
579 1350 672 1382 csse,
697 1351 769 1384 quo
794 1339 976 1374 Antonini
1001 1350 1116 1373 causa
1139 1339 1334 1383 agebatur.
1370 1348 1597 1383 quamquam
1623 1337 1760 1372 similia

259 1402 347 1430 tunc
387 1397 423 1430 in
464 1397 594 1431 Africa
634 1397 732 1431 haud
775 1397 825 1431 ita
868 1407 952 1431 rara
996 1397 1111 1431 fuisse
1151 1396 1334 1431 ecclesiae
1375 1395 1474 1430 illius
1515 1395 1758 1430 condiciones

259 1453 401 1488 faciunt
436 1454 641 1496 probabile.

400 1510 593 1554 Epistulae
614 1512 681 1546 210
704 1518 736 1545 ct
762 1513 839 1545 211.

398 1567 605 1611 Epistulam
634 1569 702 1603 210
728 1569 774 1602 ad
805 1574 959 1602 matrem
991 1568 1221 1603 Felicitatem
1252 1574 1285 1602 et
1317 1568 1468 1602 fratrem
1497 1567 1693 1602 Rusticum
1723 1571 1758 1601 et

260 1635 419 1660 sorores.
441 1635 537 1669 quae
559 1636 641 1659 cum
665 1625 757 1668 ipsis
782 1630 900 1660 erant.
926 1625 1162 1669 Augustinus
1184 1626 1302 1661 dedit.
1324 1626 1359 1659 id
1383 1631 1438 1659 est
1464 1626 1509 1659 ad
1535 1625 1756 1660 feminarum

258 1682 541 1716 monasterium.
578 1682 614 1716 in
649 1693 722 1726 quo
758 1693 840 1716 cum
879 1688 1033 1726 propter
1069 1683 1383 1726 reprehensiones
1419 1683 1566 1727 aliquas
1602 1688 1757 1717 exortae

258 1745 383 1773 essent
422 1739 705 1783 indignationes
741 1746 774 1774 et
816 1740 1086 1779 dissensiones,
1122 1740 1402 1775 oboedientiam
1441 1746 1475 1774 et
1515 1739 1756 1773 concordiam

258 1796 456 1830 restituere
486 1800 656 1830 conatur.
697 1797 887 1831 simillima
914 1802 968 1831 est
997 1797 1093 1831 ratio
1123 1797 1315 1841 sequentis
1343 1797 1529 1840 epistulae
1555 1798 1634 1840 211,
1661 1808 1757 1841 quae

258 1852 505 1895 inscriptione
535 1854 676 1888 omissa
704 1854 847 1888 tradita
875 1854 942 1889 sed
971 1861 1004 1889 et
1038 1855 1119 1898 ipsa
1150 1856 1197 1889 ad
1229 1855 1451 1889 feminarum
1486 1854 1756 1888 monasterium

257 1910 371 1943 inissa
401 1917 468 1947 est.
499 1911 559 1945 ubi
591 1921 739 1945 sorores
770 1911 1044 1946 tumultuantes
1076 1912 1331 1955 praepositam
1366 1918 1511 1946 mutare
1542 1912 1755 1954 gestiebant

257 1974 289 2001 ct
322 1968 562 2010 praepositus
592 1979 740 2013 quoque
771 1968 918 2013 aliquas
949 1969 985 2003 in
1013 1969 1251 2003 dissensione
1280 1975 1408 2012 partes
1437 1968 1641 2004 babebat.⁵›
1685 1979 1756 2013 qua

258 2035 294 2058 rc
322 2036 403 2058 cum
434 2025 681 2068 Augustinus.
709 2032 745 2059 ut
775 2036 956 2069 praesens
984 2036 1114 2069 pacem
1145 2026 1241 2060 inter
1268 2037 1332 2060 eas
1360 2026 1592 2063 conciliaret.
1620 2025 1757 2059 sollici-

259 2082 443 2133 tai·etur.‘·v
470 2083 563 2116 hanc
592 2082 789 2126 epistulam
818 2083 915 2116 misit
944 2083 1082 2117 additis
1110 2083 1308 2117 subtilibus
1337 2072 1560 2127 praeceptis.
1588 2083 1635 2117 ad
1662 2093 1758 2126 quae

258 2138 358 2171 vitae
389 2138 629 2182 disciplinam
661 2140 914 2175 instituerent.
954 2146 1152 2184 utramque
1182 2141 1383 2183 epistulam
1414 2141 1448 2174 in
1479 2141 1610 2175 eadem
1642 2151 1756 2174 causa

257 2195 301 2228 ad
333 2195 428 2229 idem
457 2197 725 2231 monasterium
755 2197 905 2231 missam
934 2208 1027 2233 esse.
1055 2198 1161 2231 cuius
1192 2198 1449 2241 praepositam
1481 2197 1597 2232 fuisse
1627 2197 1757 2232 Felici-

257 2258 370 2286 tatcm
399 2258 433 2286 et
464 2253 657 2287 Rusticum
686 2254 957 2297 praepositum.
987 2255 1077 2288 nihil
1106 2255 1274 2298 impedit.
1302 2255 1390 2299 quin
1419 2259 1643 2289 statuamus.
1682 2266 1755 2299 quo

257 2316 381 2343 autem
408 2314 576 2352 tempore
605 2311 768 2353 scriptae
795 2311 879 2346 sint.
906 2317 942 2345 ut
972 2311 1208 2346 definiamus.
1235 2312 1399 2355 epistula
1424 2312 1491 2345 210
1516 2312 1607 2345 nihil
1633 2312 1756 2347 habet.

258 2377 330 2409 quo
358 2366 534 2402 nitamur:
563 2368 597 2401 in
626 2368 787 2410 epistula
802 2369 890 2402 .·.‘11.
918 2379 1029 2412 quam
1058 2374 1093 2403 ut
1122 2369 1369 2403 austeriorem
1397 2374 1431 2403 et
1460 2369 1674 2413 graviorem
1704 2369 1755 2403 ita

258 2424 504 2464 posteriorem
543 2435 624 2458 esse
662 2430 776 2467 patet.
811 2436 1028 2468 germanam
1066 2426 1268 2469 Augus-tini
1305 2436 1485 2469 sororem,
1520 2437 1630 2470 quam
1668 2426 1755 2459 Pos-

258 2480 375 2513 sidius·
405 2481 557 2515 viduam
588 2482 658 2515 deo
689 2482 914 2516 servientem
945 2482 1060 2516 multo
1092 2487 1258 2526 tempore
1288 2493 1406 2526 usque
1438 2483 1474 2517 in
1504 2483 1600 2517 diem
1631 2482 1756 2517 obitus

397 2605 423 2634 ¹1
454 2615 488 2647 p.
521 2606 598 2640 5352.
634 2606 778 2640 16--21.

395 2662 422 2694 2ι
454 2672 487 2704 p.
517 2663 594 2696 343.
629 2664 731 2697 ῖηθῑ
763 2665 842 2698 340.
874 2666 1000 2697 aulo:
1034 2665 1203 2699 ’ΒΝ-347.
1235 2667 1266 2699 3.

395 2719 423 2753 ³)
454 2729 487 2762 p.
516 2721 593 2755 343.
624 2721 768 2754 17-2o.
1010 2721 1037 2755 ⁴›
1069 2731 1101 2764 p.
1129 2722 1207 2756 346.
1236 2725 1270 2755 8:
1302 2723 1447 2756 21-24.

396 2775 423 2817 ⁵)
454 2785 487 2818 p.
519 2777 597 2810 358.
633 2778 780 2820 15—1‹5;
818 2777 875 2811 222
911 2778 989 2813 359.
1024 2779 1146 2813 2--11.

395 2832 423 2875 ὓ)
454 2843 487 2877 p.
520 2834 599 2869 2356.
631 2835 778 2868 5--:357.
811 2835 841 2869 4.
