2078 3054
314 141 375 174 xl.
952 140 1194 173 l'rnvl'utio.

368 256 446 306 Qui
471 261 664 309 quattuor
687 255 852 298 codices
875 257 1110 311 propinqua
1132 257 1381 311 cognatione
1404 257 1613 299 coniuncti
1638 258 1831 300 contrarii

310 325 405 362 sunt
443 320 593 361 ceteris
631 321 815 373 quinque
854 319 1081 371 codicibus,
1122 334 1224 373 quos
1266 320 1361 362 huic
1403 320 1607 375 epistulae
1644 320 1832 373 adhibui,

310 398 390 426 non
433 384 571 425 minus
614 384 722 425 inter
763 397 806 425 se
849 383 1183 436 cohaerentibus,
1225 384 1414 426 Palatino
1453 385 1551 437 211,
1591 385 1834 427 Monacensi

310 448 420 488 6266
454 452 508 499 et,
543 460 645 500 quos
677 446 864 489 eiusdem
898 460 990 488 cum
1024 447 1269 490 Monacensi
1301 448 1470 502 generis
1508 462 1600 491 esse
1639 448 1832 502 vidimus,

309 511 619 565 Salisburgensi
646 511 683 551 X
712 510 780 563 29,
814 510 1242 566 Audonraropolitano
1283 512 1349 564 76,
1390 512 1579 555 Parisino
1618 526 1711 554 now
1741 527 1831 567 acq.

313 574 431 616 1444.
466 574 578 616 unde
607 588 761 629 magna
784 575 970 618 exoritur
991 575 1205 616 iudicandi
1229 575 1455 618 difficultas
1477 589 1525 617 ac
1548 576 1619 618 diu
1643 576 1832 618 multum-

309 652 388 692 que
428 638 681 680 fluctuabam
720 639 917 688 incertus,
958 639 1059 680 utris
1091 638 1305 681 codicibus
1338 639 1468 681 maior
1499 639 1604 682 fides
1636 639 1831 681 habenda

309 707 430 745 essct.
468 702 630 755 utrique
663 702 774 743 enim
808 707 846 743 et
880 703 1056 744 virtutes
1079 715 1175 744 suas
1198 702 1358 745 habent
1380 707 1420 745 et
1442 703 1558 755 vitia,
1582 704 1623 744 in
1647 703 1833 757 utrisque

310 780 362 808 ex
396 765 678 820 compluribus
709 765 811 808 locis
843 766 1021 821 perspi‹·i
1059 770 1194 819 potest
1223 766 1443 821 epistulam
1467 780 1538 808 eos
1560 767 1717 809 habere
1740 780 1832 808 cum

309 825 542 872 eruditiOne
573 834 699 882 atque
733 829 924 871 doctrina
956 834 1237 882 retractatam,
1270 835 1316 871 ut
1346 829 1468 872 modo
1501 830 1576 873 hos
1598 830 1721 872 modo
1742 830 1835 873 illos

307 898 379 936 aut
415 894 572 935 reicere
603 898 675 934 aut
708 893 825 946 sequi
858 894 1067 935 malueris.
1102 907 1245 935 verum
1279 899 1420 936 tamen
1444 907 1538 936 cum
1560 895 1619 936 illi
1641 899 1836 948 quattuor

308 959 474 1001 codices
495 957 663 1011 saepius
685 957 960 1012 corruptionis
977 962 1018 999 et
1040 957 1349 1000 retractationis
1366 957 1647 1012 suspicionem
1666 971 1833 999 movere

308 1022 545 1073 videantur,
579 1021 825 1075 saepissime
858 1021 988 1062 verba
1021 1021 1111 1063 sive
1144 1022 1442 1076 praetermissa
1474 1022 1564 1063 sive
1596 1023 1704 1063 male
1736 1035 1832 1063 con-

308 1087 442 1128 locata
460 1085 491 1139 ¹)
524 1084 723 1137 habeant,
754 1084 809 1126 ad
841 1084 916 1126 hos
949 1085 1134 1138 quinque
1162 1085 1301 1139 potius
1323 1099 1390 1127 me
1411 1084 1626 1140 adplicare
1649 1086 1834 1128 solebam

308 1156 432 1204 atque
471 1149 546 1190 hos
578 1153 745 1190 secutus
783 1162 887 1201 sum,
928 1149 998 1190 ubi
1035 1162 1102 1190 res
1140 1163 1193 1191 ex
1231 1149 1320 1191 sola
1353 1149 1548 1191 codicum
1587 1149 1835 1192 auctoritate

309 1213 533 1269 pendebat.
577 1225 831 1265 quamquam
874 1212 999 1254 etiam
1039 1212 1119 1254 hac
1156 1212 1405 1255 condicione
1442 1214 1544 1255 satis
1582 1213 1700 1255 multi
1738 1218 1835 1255 sunt

309 1278 400 1330 loci,
448 1277 601 1331 quibus
643 1275 782 1318 facere
824 1291 907 1322 non
950 1276 1170 1331 potuerim,
1219 1277 1319 1330 quin
1362 1277 1437 1319 hos
1482 1277 1696 1328 reicerem,
1743 1277 1834 1318 illos

309 1339 616 1396 praeferren1.‘“')

367 1405 562 1460 Epistula
597 1406 678 1447 164
711 1405 799 1447 sola
831 1405 872 1446 in
907 1418 988 1446 uno
1021 1410 1083 1446 est
1115 1403 1258 1446 codice

367 1470 703 1512 Casanatensi
736 1469 768 1510 B
792 1468 855 1509 IV
882 1468 937 1509 18
972 1481 1080 1510 saec.
1105 1469 1179 1522 IX,
1214 1468 1284 1521 qui
1315 1468 1632 1522 antiquissimus
1664 1473 1728 1511 est
1747 1483 1834 1510 om-

310 1533 422 1574 nium
455 1532 578 1576 huius
611 1534 818 1589 epistulae
851 1532 1055 1583 codicum,
1094 1536 1208 1574 caret
1238 1537 1379 1574 autem
1412 1532 1542 1585 initio,
1576 1546 1668 1574 cum
1701 1546 1836 1588 paene

309 1603 392 1639 tres
431 1597 602 1650 quintae
640 1598 775 1653 prima
812 1596 853 1637 in
900 1596 1080 1650 epistula
1119 1595 1269 1638 desint.
1311 1601 1530 1651 praeterea
1561 1596 1732 1639 infimae
1777 1596 1835 1638 fo-

308 1661 454 1702 liorum
478 1666 618 1716 partes
650 1660 873 1717 putredine
905 1664 1002 1702 sunt
1033 1665 1320 1715 consumptae.
1355 1674 1490 1714 neque
1523 1674 1680 1715 magna
1710 1659 1836 1702 laude

308 1724 461 1779 dignus
492 1730 555 1767 est
586 1725 665 1768 iste
698 1725 824 1779 liber3
859 1724 1004 1766 crebro
1037 1724 1149 1766 enim
1171 1738 1196 1765 a
1217 1725 1366 1766 ceteris
1388 1724 1603 1767 codicibus
1625 1724 1836 1779 discrepat

308 1802 445 1842 neque
486 1788 529 1830 id
567 1790 609 1831 in
643 1802 761 1831 suam
799 1787 1220 1830 commendationem.
1265 1802 1363 1829 nam
1397 1788 1529 1830 multa
1567 1788 1837 1843 neglegentia

308 1851 553 1906 depravata,
587 1853 708 1907 plura
740 1851 978 1906 corrigendi
1011 1851 1149 1893 studio
1182 1851 1417 1894 deformata
1449 1865 1541 1894 esse
1572 1856 1762 1906 apparet.

368 1916 416 1956 In
442 1915 607 1959 duobus
630 1916 848 1958 codicibus
871 1915 1215 1969 Augiensibus
1237 1915 1401 1958 CXCV
1423 1929 1531 1957 saec.
1557 1916 1619 1956 IX
1648 1920 1688 1956 et
1710 1915 1836 1958 XCV

310 1992 416 2020 saec.
442 1980 482 2021 X
515 1981 681 2035 repperi
714 1993 840 2022 unam
874 1979 1098 2034 epistulam
1134 1979 1227 2020 187.
1268 1992 1446 2033 quorum
1482 1979 1550 2021 ille
1582 1979 1836 2031 Hibernicis,

311 2056 414 2096 quas
446 2049 610 2096 vocant,
644 2044 792 2086 litteris
824 2043 1005 2098 scriptus
1034 2047 1074 2085 et
1095 2043 1237 2085 multis
1264 2042 1524 2098 compendiis
1545 2042 1838 2084 audacissimis

309 2106 521 2148 interdum
568 2121 706 2162 neque
747 2107 849 2150 satis
892 2106 1184 2149 constantibus
1225 2106 1406 2162 insignis
1453 2106 1631 2161 priorem
1673 2110 1838 2148 tantum

310 2170 516 2225 epistulae
548 2176 709 2226 partem
742 2184 877 2224 usque
909 2170 962 2212 ad
994 2184 1034 2225 p.
1059 2170 1128 2223 97,
1164 2170 1213 2212 17
1248 2169 1390 2222 habet,
1423 2183 1518 2212 cum
1556 2176 1696 2212 cetera
1727 2169 1838 2212 foliis

309 2234 476 2276 amissis
514 2234 665 2277 desint.
706 2240 884 2287 uterque
922 2235 1028 2276 liber
1065 2234 1291 2288 epistulam
1328 2234 1442 2275 illam
1480 2238 1575 2288 post
1607 2233 1838 2288 Augustini

310 2298 462 2340 librum
497 2298 563 2339 ‘de
595 2299 832 2351 quantitate
864 2298 1043 2340 animae‘
1079 2297 1254 2339 exhibet
1291 2311 1429 2351 neque
1469 2303 1609 2338 tamen
1648 2297 1757 2338 inter
1793 2310 1838 2339 se

310 2368 384 2403 aut
416 2374 510 2403 cum
542 2362 623 2404 alio
656 2361 783 2404 huius
815 2361 1021 2416 epistulae
1051 2361 1194 2403 codice
1216 2361 1369 2403 artiore
1392 2361 1653 2415 cognationis
1675 2360 1839 2402 vinculo

311 2431 409 2467 sunt
442 2426 654 2480 conligati.
686 2426 792 2467 alter
823 2430 965 2468 autem
999 2427 1131 2468 codex
1167 2425 1394 2480 Augiensis
1416 2425 1530 2467 XCV
1555 2429 1721 2479 praeter
1751 2424 1837 2478 epi-

311 2489 465 2530 stulam
504 2489 579 2529 187
615 2494 743 2531 totam
776 2489 885 2530 inter
906 2489 1135 2543 Augustini
1168 2488 1295 2531 libros
1328 2487 1394 2529 ‘de
1427 2487 1575 2542 spiritu
1615 2493 1655 2529 ct
1687 2488 1837 2530 littera‘

374 2659 398 2698 l)
426 2656 479 2691 Cf.
500 2668 532 2701 p.
553 2658 630 2692 308.
657 2657 699 2691 22
728 2664 760 2690 ct
790 2659 866 2692 325³.
897 2658 937 2692 12
964 2668 1043 2690 curn
1071 2668 1103 2701 p.
1123 2659 1199 2700 292,
1228 2659 1258 2692 2.

371 2709 464 2751 2>Ι’.
485 2711 560 2744 276.
591 2712 625 2749 1;
652 2710 729 2751 278,
764 2711 866 2744 2;(1;
894 2711 1475 2751 280.11;21;284.21;28(1.
1512 2710 1569 2751 12;
1604 2710 1660 2744 19:
1693 2710 1768 2750 290,
1803 2710 1839 2744 6:

317 2766 374 2797 1.;1
407 2764 485 2797 291.
515 2763 575 2802 20;
602 2762 679 2795 296.
707 2762 743 2803 8·
771 2763 847 2796 299.
884 2748 1338 2804 11,·13;302,15,·303
1375 2764 1432 2803 16“;
1465 2763 1541 2797 319
1581 2763 1637 2796 16·
1670 2761 1839 2803 322,16ῑ

315 2816 391 2849 325.
422 2817 455 2855 13
486 2815 541 2855 18εΙ
569 2815 646 2848 329
673 2814 926 2856 23;330.12;
954 2815 1029 2849 33.1
1058 2816 1087 2847 3.
