2078 3054
255 160 339 201 264
927 174 1067 209 Index
1096 174 1140 209 V.

252 287 498 322 mentiri:
544 297 684 332 magna
727 286 901 331 quaestio
947 288 1017 330 est,

299 344 397 379 sitne
461 344 667 389 aliquando
731 343 883 379 mentiri
943 342 1018 378 viri

298 401 400 446 boni,
448 402 561 437 immo
609 401 682 436 viri
729 401 936 436 Christiani
982 399 1018 435 II

298 460 379 504 374,
410 460 440 494 1.

253 522 524 558 Mercator
564 533 650 558 cum
690 522 840 558 litteras
881 522 930 557 ad
972 521 1016 557 A.

299 579 518 624 scripsisset
592 589 715 625 neque
778 589 1017 625 »responsum

299 637 526 682 accepisset,
548 647 626 672 non
648 637 729 673 sine
753 637 1017 682 indignatione

299 695 442 731 alteras
477 696 526 731 ad
562 706 647 731 eum
684 695 793 731 dedit
827 700 865 731 et
898 687 1015 731 aliurn

302 753 490 788 adversus
505 763 629 788 novos
644 753 861 789 haereticos
874 752 1013 788 librum

300 811 482 846 refertum
525 814 746 846 sanctarum
787 811 1018 846 testimoniis

300 868 527 914 paginarum
550 868 602 904 IV
628 868 706 913 167,
732 869 786 904 13.
811 869 890 913 168,
912 869 945 904 7.
969 868 1018 903 ad

299 936 400 971 quae
427 926 472 961 A.
502 926 699 971 rescripsit
728 937 786 971 ep.
816 927 893 962 193.

254 989 413 1025 Micio
445 989 700 1025 Terentianus
732 990 768 1024 II
799 990 854 1035 11,
886 990 919 1025 8.

254 1053 545 1099 Migginem
595 1053 679 1088 Iovi
727 1053 915 1097 praeferri
962 1053 1017 1088 in-

298 1110 558 1157 dignabantur
587 1111 728 1157 pagani
756 1111 772 1146 l
799 1112 858 1156 37,
888 1111 944 1146 19.

254 1174 466 1210 Mileum
492 1175 536 1210 A.
563 1175 616 1210 ire
642 1174 777 1219 noluit,
802 1174 867 1210 ubi
893 1174 1020 1210 Dona-

301 1233 418 1268 tistae
458 1232 661 1268 concilium
702 1236 813 1268 erant
853 1231 1021 1268 habituri

301 1290 335 1325 II
361 1290 417 1335 26,
445 1291 500 1325 11.

254 1353 584 1389 Milevitana
629 1353 735 1399 regio
782 1353 817 1388 II
860 1353 941 1397 518,
986 1354 1020 1399 8,

305 1411 477 1456 synodus
519 1411 573 1446 III
615 1412 695 1456 715,
737 1412 770 1446 4.
814 1411 1037 1447 οοηοίΙίυιῑιι

302 1469 354 1503 ΙΙΙ
395 1469 476 1514 664,
519 1470 551 1504 7.
594 1469 674 1511 715,
716 1469 749 1504 9.
794 1469 847 1504 IV
887 1470 945 1513 47,
986 1469 1038 1505 3.ι

301 1526 467 1562 Severus
539 1527 786 1562 Milevitanae
857 1527 1021 1562 antistes

302 1584 489 1620 ecclesiae
520 1585 554 1619 II
584 1586 617 1629 8,
647 1586 684 1628 5;
715 1585 762 1627 cs.
792 1585 873 1630 518,
903 1585 935 1620 8.
968 1584 1021 1619 IV

301 1643 380 1688 374,
413 1643 445 1678 2.

255 1706 601 1750 Minaeorum,
630 1716 727 1750 quos
754 1705 872 1750 vulgo
902 1705 1022 1741 Naza-

302 1773 412 1799 raeos
474 1762 761 1809 nuncupabant,
822 1762 1022 1799 dicebatur

304 1821 485 1865 haeresis,
519 1831 617 1866 quae
653 1831 773 1866 usque
807 1821 858 1856 ad
891 1820 1039 1882 Hiero-¹

304 1879 409 1922 nymi
436 1882 611 1923 tempora
638 1889 704 1924 per
732 1882 836 1914 totas
862 1878 1039 1914 orientis÷

305 1946 525 1981 synagogas
576 1936 676 1972 inter
725 1936 889 1971 Iudaeos
940 1938 1024 1971 erat

305 1997 344 2028 et
379 2004 403 2028 a
440 1993 658 2029 Pharisaeis
696 1993 950 2029 damnabatur
988 1993 1023 2028 II

304 2052 384 2095 303,
418 2052 473 2086 13.

261 2113 493 2148 Mincius
529 2114 682 2149 flumen:
721 2114 767 2149 de
806 2114 944 2149 Mincio
982 2115 1019 2149 in

306 2172 511 2207 Eridanum
551 2173 738 2217 emigrare
777 2173 811 2207 II
849 2173 929 2217 670,
968 2173 1023 2207 17.

261 2241 293 2275 Μ
311 2240 322 2275 i
337 2251 360 2274 n
375 2252 394 2275 e
411 2251 427 2274 r
441 2252 466 2275 v
481 2251 505 2275 a
519 2252 556 2284 e,
634 2241 757 2286 inquit
836 2241 1023 2277 Maximus

305 2299 590 2343 grammaticus,
638 2299 723 2343 quis
772 2299 871 2334 ferat
918 2308 1025 2344 prae-

307 2356 396 2391 ferri
422 2355 646 2391 Sanamem?
672 2357 687 2391 I
710 2357 767 2400 38,
793 2357 824 2391 1.
851 2357 1041 2392 Athenae*

306 2414 445 2448 civitas
494 2417 576 2448 erat
624 2414 817 2450 Minervae
866 2414 1024 2459 eiusque

307 2471 452 2505 numini
490 2475 719 2506 consecrata
755 2471 790 2506 II
828 2472 907 2516 134,
942 2472 977 2507 4.

262 2551 294 2574 ιιι
313 2540 320 2574 i
339 2551 362 2574 n
378 2540 387 2574 i
404 2550 420 2574 s
436 2545 449 2574 t
465 2551 484 2575 e
500 2551 536 2574 r:
563 2540 605 2575 A.
634 2541 905 2586 interrogatus,
930 2540 1042 2586 quid*

309 2598 474 2632 ministri
518 2598 704 2634 ecclesiae
748 2598 787 2633 in
828 2598 1022 2643 periculis,
1040 2615 1042 2631 ι

307 2665 405 2700 quae
454 2655 519 2690 illa
564 2659 738 2700 tempora
784 2655 1025 2701 invenerunt,
1040 2653 1042 2702 ζ

307 2713 434 2748 facere
481 2713 675 2757 deberent,
722 2713 920 2758 respondit
966 2724 1024 2758 ep.

308 2770 387 2805 228.

262 2833 457 2868 Moeris
496 2833 740 2879 Vergilianus
779 2833 813 2868 II
852 2833 930 2878 258,
969 2834 1042 2883 10„

1053 285 1323 322 Molossos
1371 287 1534 323 Dodona
1581 288 1708 324 Talari
1754 289 1817 325 ab·

1101 344 1215 379 scidit
1244 343 1382 380 finibus
1412 345 1427 380 Ι
1455 345 1511 390 94,
1541 346 1572 381 2.

1053 402 1337 438 monacha:
1382 403 1546 448 nigellae
1590 407 1721 440 vestes
1765 405 1818 440 in-

1101 459 1323 495 dumentum
1354 461 1566 497 monachae
1595 461 1649 497 IV
1676 462 1757 508 629,
1784 463 1817 498 6.

1098 517 1310 553 monachae
1362 518 1621 563 praepositam
1671 523 1819 556 mutare

1100 574 1295 620 volebant,
1342 575 1446 620 quod
1470 571 1532 611 ¹in
1577 578 1819 622 perniciosis-

1101 631 1237 668 simum
1270 632 1485 678 exemplum
1518 638 1654 670 contra
1687 645 1819 670 sanam

1100 689 1341 735 disciplinam
1393 690 1539 726 factum
1591 692 1819 737 inprobabat

1101 747 1145 782 A.
1198 747 1252 783 IV
1305 749 1385 793 357,
1441 748 1472 784 1.
1525 749 1606 794 358,
1661 750 1716 785 15.
1770 750 1819 785 ad

1101 805 1310 841 monachas
1356 806 1456 842 inter
1502 816 1542 843 se
1588 807 1817 843 dissentien-

1102 868 1160 899 tes
1191 863 1234 899 A.
1266 874 1332 899 cur
1361 864 1529 900 noluerit
1556 865 1701 911 venire,
1731 875 1815 900 cum

1102 922 1184 957 eius
1215 922 1475 966 praesentiam
1506 927 1736 968 quaererent
1765 923 1817 959 IV

1101 980 1180 1025 356,
1207 980 1239 1015 5.

1055 1040 1374 1076 monachus:
1437 1040 1485 1076 de
1547 1042 1821 1078 monachorum

1103 1097 1186 1133 vita
1219 1101 1257 1133 et
1290 1097 1430 1134 officiis
1464 1108 1524 1144 ep.
1558 1099 1614 1134 48.
1650 1099 1706 1136 sic
1740 1099 1821 1136 dili-

1103 1156 1271 1201 gendum
1299 1160 1358 1192 est
1386 1156 1507 1192 otium
1537 1158 1748 1202 monachis,
1777 1161 1819 1193 ut

1103 1223 1143 1249 se
1173 1213 1221 1248 ab
1249 1213 1353 1249 omni
1382 1217 1535 1250 terrena
1564 1215 1821 1251 delectatione

1101 1271 1297 1307 refrenent
1331 1275 1368 1307 et
1402 1272 1645 1308 meminerint
1677 1273 1821 1308 nullum

1102 1328 1230 1364 locum
1288 1339 1385 1374 esse,
1442 1329 1507 1365 ubi
1564 1341 1643 1366 non
1700 1331 1823 1375 possit

1103 1386 1262 1431 laqueos
1292 1387 1449 1423 tendere
1477 1387 1653 1424 diabolus
1681 1388 1716 1423 II
1744 1388 1822 1432 138,

1100 1439 1158 1480 ’19.
1192 1445 1402 1480 monachos
1437 1449 1592 1481 sanctas
1627 1446 1822 1481 orationes

1103 1501 1369 1548 vigilantiores
1418 1506 1456 1539 et
1503 1503 1625 1549 magis
1674 1503 1822 1539 sobrias

1103 1559 1244 1595 habere
1277 1560 1401 1596 credit
1432 1560 1476 1596 A.
1509 1561 1544 1596 II
1576 1562 1654 1606 137,
1687 1562 1743 1597 14.
1775 1562 1822 1597 dc

1104 1617 1272 1662 muliere,
1308 1628 1406 1662 quae
1441 1618 1570 1653 omnia
1603 1619 1666 1654 vel
1701 1629 1822 1664 paene

1104 1675 1243 1719 omnia,
1294 1685 1392 1720 quae
1445 1674 1623 1720 habebat,
1672 1675 1822 1712 duobus

1104 1734 1394 1769 transeuntibus
1461 1734 1660 1769 monachis
1727 1739 1819 1769 tam·

1105 1802 1218 1836 quam
1256 1791 1493 1836 pauperibus
1532 1792 1731 1837 eroganda
1767 1792 1821 1827 in-

1107 1849 1186 1884 scio
1218 1849 1354 1884 marito
1385 1849 1549 1884 donavit
1578 1849 1631 1884 IV
1659 1849 1739 1894 624,
1769 1850 1824 1885 18.

1106 1906 1323 1942 Bonifatius
1355 1917 1395 1942 se
1426 1907 1466 1941 in
1496 1906 1617 1942 otium
1649 1909 1824 1942 sanetum

1107 1964 1282 1999 conferre
1322 1963 1503 2009 cupiebat
1542 1968 1659 2009 atque
1700 1964 1739 2000 in
1779 1975 1824 2000 ea

1107 2022 1189 2057 vita
1231 2022 1375 2067 vivere,
1418 2023 1456 2057 in
1499 2033 1575 2067 qua
1618 2022 1721 2058 servi
1762 2022 1823 2058 dci

1107 2080 1284 2115 monachi
1312 2080 1452 2115 vivunt
1481 2080 1533 2115 IV
1560 2080 1640 2125 433,
1668 2080 1701 2115 8.

1060 2143 1452 2178 monasterium
1494 2142 1721 2178 feminarum
1760 2143 1825 2188 qui

1108 2200 1265 2245 regebat
1307 2200 1518 2246 presbyter,
1559 2200 1825 2246 appellabatur

1107 2258 1350 2302 praepositus
1382 2261 1431 2302 et,
1462 2268 1560 2303 quae
1591 2258 1823 2294 monasterio

1109 2318 1295 2359 praeerat,
1338 2315 1569 2360 praeposita,
1610 2318 1732 2351 mater
1773 2315 1825 2350 1v

1107 2374 1186 2417 358,
1221 2373 1483 2408 15.17.19.2Ο.
1515 2374 1594 2418 359,
1626 2374 1658 2409 2.
1673 2374 1705 2408 4.
1720 2374 1752 2408 7.
1768 2373 1822 2408 10.

1110 2431 1148 2464 11
1179 2431 1226 2466 αἶ.
1258 2431 1511 2475 praescripta,
1541 2442 1640 2476 quae
1669 2430 1823 2466 feminis

1109 2489 1146 2523 in
1186 2488 1420 2523 monasterio
1456 2489 1679 2523 constitutis
1715 2488 1823 2524 dedit

1110 2546 1154 2580 A.
1179 2546 1230 2580 IV
1253 2547 1333 2591 359,
1359 2545 1531 2589 18—371,
1556 2547 1587 2580 4.
1612 2556 1687 2591 quo
1712 2546 1824 2581 modo

1111 2603 1265 2638 difficile
1289 2603 1333 2638 A.
1356 2606 1414 2638 cst
1437 2606 1617 2647 expertus
1638 2603 1826 2647 meliores,

1112 2672 1224 2705 quam
1268 2661 1331 2705 qui
1374 2661 1412 2695 in
1454 2654 1697 2696 monasteriis
1741 2671 1825 2705 pro-

1111 2718 1296 2762 fecerunt,
1337 2718 1391 2752 ita
1429 2728 1506 2752 non
1547 2721 1606 2753 est
1645 2721 1825 2763 expertus

1111 2775 1271 2820 peiores,
1295 2786 1408 2820 quam
1432 2775 1497 2820 qui
1522 2775 1559 2809 in
1583 2775 1825 2810 monasteriis

1108 2832 1329 2868 ceciderunt
1362 2832 1395 2867 II
1426 2832 1506 2877 344,
1539 2832 1593 2868 16.
1624 2833 1664 2868 in
1694 2832 1824 2867 solitu-
