2078 3054
291 181 373 224 208

338 318 451 353 quam
477 318 720 353 possessores
746 311 784 343 et
809 307 952 342 domini
978 306 1055 343 exi-

339 367 542 401 stimantur
566 365 618 400 III
640 367 671 410 4,
695 367 752 410 163
774 366 821 407 cf.
846 366 900 409 13,
923 365 977 399 11.
999 364 1054 399 26.

339 425 369 459 si
408 424 580 470 episcopi
618 423 810 469 privatim,
848 433 945 468 quae
984 422 1055 458 sibi

338 483 545 526 sufficiant,
591 482 801 527 possident,
845 491 923 516 non
967 484 1057 516 sun-t

338 540 524 576 ecclesiae
557 540 659 575 bona
688 540 956 584 episcoporum
988 538 1055 574 sed

338 609 560 643 pauperum,
609 608 770 643 quorum
820 597 1057 643 procuratio-

338 667 424 691 nem
464 657 631 702 quodam
670 656 784 692 modo
826 658 965 702 gerunt
1003 655 1056 690 IV

337 715 394 759 32,
437 715 469 750 6.
515 725 612 760 quae
658 714 745 759 sint,
789 718 832 749 ut
874 713 1055 749 Nectario

338 773 493 818 quidem
526 783 680 819 pagano
714 773 930 817 videbatur,
976 772 1055 816 epi-

339 841 543 876 scoporum
571 831 700 867 officia
726 831 760 865 ΙΙ
786 831 864 876 426,
894 831 947 866 17.
974 831 1053 876 432,

338 891 371 926 3.
409 890 490 925 fieri
526 900 603 925 non
639 893 779 936 potest,
816 893 859 924 ut
896 899 972 924 non
1009 889 1057 924 sit

339 949 489 994 collega
526 953 741 984 ceterorum
780 948 940 994 quilibet
976 948 1055 992 epi-

340 1018 480 1051 scopus
504 1007 689 1043 ecclesiae
715 1007 940 1051 catholicae,
964 1017 1054 1052 qua-

338 1066 550 1111 liscumque
576 1066 635 1111 sit,
662 1066 766 1100 nullo
792 1065 1055 1101 ecclesiastice

340 1124 481 1159 iudicio
508 1124 713 1159 damnatus
740 1123 776 1158 II
801 1124 881 1168 394,
909 1123 962 1158 15.

386 1182 599 1228 Episcopus
620 1193 667 1218 ne
689 1183 727 1218 in
747 1181 910 1217 alienam
930 1182 1057 1217 cathe-

340 1241 446 1276 dram
482 1241 766 1286 transferretur,
803 1240 959 1276 statutis
994 1250 1058 1285 pa-

339 1304 438 1335 trum
479 1304 634 1335 cautum
674 1303 759 1336 erat
794 1299 847 1334 IV
884 1299 962 1344 350,
999 1299 1055 1333 30.

340 1358 522 1403 episcopo
563 1358 678 1394 etiam
717 1361 797 1393 tum
835 1357 927 1392 vivo
966 1356 1058 1393 alte-

340 1428 423 1452 rum
474 1417 647 1452 ordinari
695 1416 970 1461 coepiscopum
1019 1419 1057 1451 et

342 1475 475 1511 sedere
498 1485 584 1510 cum
608 1474 672 1510 illo
698 1474 862 1510 concilio
887 1473 1058 1509 Nicaeno

341 1533 573 1578 prohibitum
602 1532 675 1568 fuit
702 1532 756 1568 IV
779 1532 860 1577 376,
889 1532 943 1567 15.
971 1535 1059 1577 post

340 1591 468 1626 obitus
516 1591 784 1636 episcoporum
831 1601 898 1635 per
943 1590 1055 1625 ambi-

340 1650 462 1685 tiosos
492 1653 559 1684 aut
589 1649 853 1685 contentiosos
885 1647 1060 1684 solebant

341 1708 528 1743 ecclesiae
560 1707 775 1753 perturbari
805 1708 858 1742 IV
888 1708 969 1751 373,
1000 1706 1059 1749 203

342 1767 388 1806 cf.
414 1767 494 1811 374,
521 1767 553 1801 4.
582 1766 620 1801 in
646 1766 870 1801 Milevitana
896 1765 1060 1801 ecclesia

341 1824 541 1860 ordinatus
585 1828 645 1860 est
688 1824 904 1869 episeopus,
947 1833 1060 1868 quem

341 1883 576 1927 praecedens
627 1883 832 1928 episcopus
883 1882 1059 1927 designa-

341 1944 452 1976 verat
487 1941 539 1976 IV
573 1941 654 1985 374.
691 1941 746 1976 15.
783 1940 850 1976 sed
886 1939 1059 1975 nonnulli

341 1998 681 2042 contristabantur,
727 1999 817 2044 quia
864 1993 1077 2033 successo-¹

341 2067 419 2092 rem
450 2057 552 2102 apud
583 2057 744 2092 clericos
775 2056 1077 2101 designaverat,.

342 2115 391 2150 ad
439 2115 622 2160 populum
670 2118 799 2150 autem
848 2114 935 2149 inde
984 2123 1060 2148 non

343 2176 427 2208 erat
456 2173 608 2209 locutus
639 2173 692 2208 IV
721 2174 802 2217 374,
834 2173 888 2207 10.
920 2172 963 2207 A.
995 2172 1061 2207 ad-

343 2232 461 2266 stanti
493 2231 595 2267 elero
627 2235 666 2266 et
696 2230 887 2276 frequenti
919 2229 1060 2276 populo

343 2289 608 2334 presbyterum
645 2289 836 2325 Eraclium
871 2288 943 2324 sibi
978 2298 1061 2324 suc-

344 2359 534 2384 cessorem
579 2359 618 2383 se
659 2348 759 2383 velle
797 2347 907 2391 dixit,
950 2347 1057 2382 cuius

344 2406 399 2441 rei
442 2409 530 2441 acta
573 2409 707 2441 extant
752 2405 803 2440 IV
845 2405 926 2445 372,
972 2405 1062 2440 13--

341 2464 422 2508 379,
452 2464 484 2499 9.

392 2524 668 2570 Episcoporum
703 2524 860 2559 nomina
892 2524 930 2559 in
965 2527 1062 2559 trac-

344 2582 444 2617 toria
477 2584 567 2628 poni
599 2582 804 2628 oportebat
837 2592 882 2618 eo
917 2582 1062 2626 ordine,

342 2651 418 2685 quo
439 2640 611 2686 episcopi
629 2640 723 2676 facti
744 2644 833 2676 sunt
853 2640 887 2675 II
907 2640 987 2684 219,
1007 2640 1061 2675 15.

390 2699 496 2742 Quae
564 2699 832 2744 episcoporum
899 2697 1064 2733 avaritia

345 2757 526 2802 Cypriani
577 2757 693 2793 fuerit
742 2756 979 2802 temporibus
1027 2756 1063 2791 II

345 2815 424 2859 621,
465 2815 520 2850 22.
564 2815 735 2860 episcopi
776 2814 938 2860 pecunia
980 2825 1062 2850 cor-

346 2873 445 2917 rupti
473 2873 507 2907 H
533 2873 589 2908 99.
614 2873 669 2908 20.
697 2873 735 2907 in
761 2872 932 2916 castello,
959 2872 1061 2917 quod

964 194 1102 229 fndex
1133 194 1176 228 V.

1137 317 1186 352 ad
1225 316 1446 362 parochiam
1484 315 1757 361 Hipponiensis
1796 324 1854 349 ec-

1139 375 1278 412 clesiae
1317 373 1544 420 pertinebat,
1583 374 1627 408 A.
1668 383 1753 408 cum
1790 372 1854 408 ad-

1138 434 1325 470 hibendae
1359 444 1437 468 non
1470 432 1665 468 sufficeret
1698 431 1855 473 diligen-

1141 492 1230 536 tiae,
1274 491 1497 536 episcopum
1527 490 1853 526 constituendum

1139 550 1302 594 curavit,
1338 551 1494 595 propter
1530 558 1643 593 quem
1678 547 1856 583 ordinan-

1137 608 1228 644 dum
1283 607 1488 651 primatem
1543 606 1760 650 Numidiae,
1813 608 1854 638 ut

1142 666 1300 710 veniret,
1333 675 1475 711 rogans
1508 664 1645 700 litteris
1680 664 1856 708 impetra-

1138 725 1197 759 vit
1221 724 1274 759 IV
1299 724 1380 768 348,
1408 722 1534 757 1—24.
1561 722 1691 766 itaque
1717 720 1857 756 obtulit

1140 793 1217 818 non
1260 781 1482 827 petentibus
1526 779 1718 826 quendam
1762 778 1854 814 adu-

1139 842 1348 877 lescentem
1386 839 1424 874 in
1459 837 1692 874 monasterio
1730 847 1798 872 suo
1835 847 1858 871 a

1139 898 1305 943 parvula
1359 901 1486 933 aetate
1544 896 1727 931 nutritum
1788 894 1855 929 sed

1140 960 1292 1003 praeter
1326 954 1503 991 lectionis
1540 953 1710 989 officium
1744 951 1857 988 nullis

1140 1015 1344 1051 clericatus
1377 1012 1560 1059 gradibus
1594 1016 1632 1047 et
1662 1010 1857 1059 laboribus

1140 1076 1289 1117 notum;
1312 1072 1377 1117 qui
1398 1071 1602 1116 episcopus
1625 1079 1708 1105 esse
1730 1069 1858 1113 coepit

1141 1132 1194 1167 IV
1216 1131 1298 1176 349,
1323 1130 1355 1165 2.
1382 1130 1482 1165 idem
1505 1128 1608 1174 apud
1631 1128 1677 1162 A.
1703 1137 1726 1162 a
1748 1126 1858 1172 plebe

1142 1201 1212 1225 sua
1254 1192 1460 1224 accusatus
1502 1191 1617 1232 atque
1662 1186 1855 1221 iudicatus

1142 1248 1206 1293 ita,
1257 1251 1299 1283 ut
1350 1247 1459 1282 salvo
1510 1245 1740 1289 episcopatu
1789 1244 1856 1279 mi-

1142 1309 1324 1341 nueretur
1358 1307 1545 1349 potestas,
1579 1313 1625 1338 ne
1659 1302 1714 1337 eis
1750 1312 1857 1346 prae-

1143 1367 1246 1399 esset
1286 1362 1457 1406 ulterius,
1499 1371 1584 1396 cum
1626 1359 1763 1406 quibus
1806 1358 1858 1394 sic

1142 1423 1298 1468 egisset,
1344 1425 1385 1456 ut
1429 1431 1515 1456 eum
1558 1419 1656 1457 ferre
1700 1418 1855 1454 omnino

1141 1490 1219 1515 non
1247 1482 1417 1525 possent,
1448 1479 1578 1514 sedem
1607 1476 1858 1523 apostolicam

1143 1537 1355 1584 appellavit
1376 1537 1429 1572 IV
1451 1537 1531 1582 349,
1554 1536 1705 1580 9-350,
1727 1536 1760 1571 9.
1784 1544 1858 1580 quo

1142 1597 1255 1632 modo
1308 1595 1512 1641 episcopus
1562 1593 1688 1640 puniri
1737 1593 1860 1639 possit

1143 1665 1267 1700 neque
1289 1654 1433 1700 privari
1457 1652 1684 1698 episcopatu
1706 1651 1758 1687 IV
1778 1650 1859 1695 349,

1143 1713 1316 1757 25-351,
1352 1712 1406 1747 21.
1442 1711 1617 1756 exempla
1651 1719 1860 1755 poenarum

1143 1770 1334 1816 episcopis
1384 1771 1646 1815 inrogatarum
1693 1768 1746 1803 IV
1779 1767 1860 1812 351,

1141 1830 1268 1866 6—19.
1317 1828 1423 1874 plebs
1472 1828 1504 1864 si
1552 1825 1793 1872 episcopum'
1823 1826 1859 1860 in

1142 1887 1314 1933 plenario
1379 1885 1542 1923 concilio
1607 1884 1859 1930 degradatum

1143 1946 1338 1991 suscipere
1379 1944 1556 1988 noluerit,
1597 1953 1690 1979 sano
1734 1942 1859 1987 capite

1142 2004 1261 2040 faciet
1301 2007 1339 2039 et
1381 2013 1450 2039 nec
1493 2002 1580 2048 cogi
1621 2003 1750 2046 potest
1789 2010 1859 2035 nec

1142 2062 1257 2098 debet
1286 2062 1322 2096 II
1351 2061 1431 2105 231,
1461 2060 1517 2095 27.

1095 2119 1369 2168 epistula:
1410 2119 1457 2154 de
1495 2117 1745 2163 epistularum
1783 2126 1859 2151 am-

1143 2178 1330 2223 plitudine
1369 2177 1421 2212 IV
1458 2177 1538 2221 567,
1579 2176 1634 2211 17.
1672 2174 1860 2220 epistulae

1142 2237 1305 2271 formam
1335 2235 1386 2271 ad
1415 2234 1621 2270 Maximum
1651 2233 1765 2268 datae
1799 2243 1859 2267 ex-

1143 2298 1282 2330 cusant
1296 2293 1461 2338 Alypius
1477 2296 1516 2328 et
1528 2292 1585 2337 A.,
1606 2302 1653 2327 ne
1675 2291 1772 2326 forte
1794 2289 1856 2325 ille

1144 2352 1287 2387 factam
1327 2350 1400 2387 sibi
1438 2343 1645 2386 arbitretur
1684 2348 1860 2384 iniuriam

1144 2410 1197 2444 III
1230 2409 1310 2454 631,
1346 2409 1400 2444 17.
1434 2408 1618 2453 epistulas
1655 2405 1860 2442 communi-

1144 2468 1323 2512 catorias,
1347 2477 1445 2512 quae
1469 2466 1656 2501 formatae
1680 2465 1858 2500 diceban-

1145 2530 1218 2570 tur,
1243 2525 1335 2561 dare
1360 2525 1395 2559 II
1422 2524 1501 2569 111,
1526 2523 1580 2558 21.
1608 2523 1654 2558 de
1683 2525 1860 2567 satrapae

1145 2583 1344 2620 cuiusdam
1408 2581 1574 2627 epistula
1635 2581 1684 2616 ad
1747 2580 1860 2616 deum

1144 2642 1340 2678 dominum
1393 2640 1586 2676 Christum
1640 2638 1758 2674 missa
1810 2636 1862 2672 IV

1142 2699 1224 2745 502,
1256 2699 1300 2735 18
1329 2698 1467 2744 (Dar.).

1097 2758 1196 2793 Era
1208 2757 1353 2798 clius
1390 2755 1601 2802 presbyter,
1640 2765 1752 2800 quem
1790 2752 1861 2789 sibi

1145 2825 1407 2851 successorem
1445 2814 1569 2850 voluit
1607 2813 1652 2848 A.
1690 2812 1744 2847 IV
1780 2812 1860 2856 374,

1145 2874 1198 2909 18.
1244 2873 1325 2909 eius
1368 2872 1422 2907 rei
1465 2875 1554 2907 acta
1597 2869 1859 2906 ecclesiastica
