2078 3054
327 143 406 186 158

369 282 489 317 usque
533 270 581 306 ad
625 270 780 306 ultimas
822 275 958 315 gentes
1002 269 1384 332 cre—JCenchris
1436 277 1554 317 caput
1608 271 1679 310 sibi

993 152 1136 192 Index
1164 153 1207 192 V.

1734 271 1878 308 Paulus

371 329 514 364 scendo
556 329 765 374 porrigitur
809 328 862 363 111
908 329 982 373 191,
1025 329 1101 365 23.Ι
1166 329 1337 364 totondit
1374 340 1421 364 ex
1461 330 1546 376 lege
1586 331 1621 365 11
1660 331 1738 377 298,
1776 332 1808 367 3.
1844 332 1877 366 6.

369 398 483 432 quam
517 387 707 422 subtiliter
739 391 777 422 et
807 392 953 432 quanta
983 386 1081 421 veri-

1165 387 1244 432 358,
1270 388 1303 422 4.

369 449 449 480 tate
505 445 543 480 in
598 444 789 479 catholica
843 444 1080 489 intellegitur
1119 443 1289 480 Cerdo
1337 455 1422 481 cum
1469 446 1600 482 multis
1645 446 1879 492 quaestioni-

369 502 681 546 inseparabilitas
709 502 896 537 trinitatis
925 501 1081 547 I27,17.

323 559 573 595 Catilina
612 560 745 605 frigus,
787 560 901 605 sitim,
941 559 1080 595 famem

1166 503 1237 538 bus
1277 513 1301 538 a
1339 502 1525 539 Dioscoro
1567 504 1617 540 ad
1656 505 1701 540 A.
1739 504 1878 540 missus

1167 565 1226 596 est
1250 560 1286 595 II
1312 561 1392 606 664,
1419 561 1475 596 20.
1501 561 1580 607 665,
1611 562 1640 598 1.

369 618 468 654 ferre
512 621 664 663 poterat
708 621 779 653 etc.
825 627 947 662 neque
990 626 1083 652 vero
1120 627 1138 651 c
1154 628 1173 653 e
1189 627 1240 653 re
1255 618 1418 653 brum:
1454 619 1549 654 deus
1583 630 1646 655 ex·
1664 624 1809 664 puncto
1841 623 1880 655 et

369 676 557 712 fortitudo
591 676 685 712 haec
719 679 802 711 erat
836 676 904 712 sed
938 675 1082 711 duritia

370 733 426 768 III
458 734 537 779 594,
574 734 627 769 11.
661 734 740 778 595,
776 734 829 769 10.
863 733 959 769 liber
993 732 1082 769 belli

369 791 559 827 Catilinae
591 791 647 826 III
677 791 755 836 142,
787 792 840 827 14.

322 848 454 885 Cato
513 849 730 885 imitatione
787 849 941 894 dignior
1000 851 1083 884 erat

369 918 483 953 quam
519 907 701 952 Iuppiter,
738 917 823 942 cum
860 907 898 942 in
933 906 1084 951 templis

369 965 597 1001 adoraretur
620 965 793 1010 Iuppiter
817 965 946 1010 potius
968 975 1082 1010 quam

370 1023 466 1059 Cato
493 1023 528 1058 ΙΙ
552 1023 632 1068 430,
657 1024 689 1058 3.

323 1091 341 1115 c
357 1091 380 1116 a
395 1092 420 1116 u
433 1091 450 1116 s
464 1092 507 1116 a:
589 1090 792 1116 causarum
873 1080 1083 1116 mutandae

371 1139 586 1175 sententiae
651 1139 727 1174 tria
791 1139 1083 1185 distinguuntur

370 1207 514 1242 genera
545 1197 581 1231 II
612 1197 693 1241 348,
725 1197 875 1243 4-349,
907 1197 961 1231 16.

1167 676 1277 721 quasi
1306 680 1438 712 centro
1467 677 1613 713 cerebri
1640 687 1776 713 sensus
1802 687 1880 713 om-

1167 744 1235 769 nes
1278 734 1457 780 quinaria
1495 735 1767 771 distributione
1808 735 1880 771 dif-

1167 791 1295 827 fundit
1322 791 1377 826 III
1406 793 1485 839 106,
1513 793 1567 828 14.

1120 848 1343 885 Ceretio
1380 850 1564 895 episcopo
1599 850 1644 886 A.
1680 851 1784 886 misit
1820 860 1879 895 ep.

1167 908 1236 943 237
1273 908 1321 944 de
1359 907 1741 945 Priscillianistarum
1780 909 1881 944 frau-

1167 965 1328 1002 dulenta
1357 959 1638 1011 interpretandi
1669 966 1831 1003 ratione.

1120 1022 1419 1060 Corinthus
1449 1028 1488 1060 et
1516 1024 1667 1060 Hebion
1696 1024 1881 1060 haeretici

1167 1085 1326 1126 propter
1363 1082 1434 1117 hoe
1470 1082 1592 1119 solum
1627 1082 1881 1118 anathemati-

1168 1140 1244 1175 zati
1292 1143 1391 1185 sunt,
1440 1139 1564 1185 inquit
1610 1139 1881 1185 Hieronymus,

1167 1198 1269 1243 quod
1306 1197 1403 1242 legis
1439 1198 1702 1234 caeremonias
1738 1198 1881 1234 Christi

323 1255 350 1290 C
367 1266 386 1290 e
402 1255 413 1290 l
428 1266 447 1290 e
463 1255 486 1290 d
502 1266 521 1290 e
537 1265 562 1289 n
577 1265 593 1290 s
610 1255 653 1290 is
679 1254 986 1299 pseudodiaconi
1010 1254 1084 1289 An-

1168 1255 1371 1301 evangelio
1430 1255 1667 1292 miscuerunt
1727 1260 1767 1291 et
1827 1255 1881 1290 sic

1169 1323 1272 1348 nova
1313 1313 1481 1350 confessi
1523 1319 1623 1359 sunt,
1666 1318 1708 1349 ut
1747 1318 1882 1349 vetera

1169 1382 1247 1407 non
1277 1371 1499 1407 amitterent
1529 1371 1565 1406 II
1595 1372 1674 1417 303,
1704 1372 1736 1407 8.

371 1440 455 1464 mus
483 1429 665 1473 exposuit
692 1429 744 1463 IV
771 1429 849 1474 300,
879 1428 1027 1473 7—301,
1052 1428 1084 1463 7.
1102 1442 1105 1483 Ι
1123 1428 1520 1465 Chaldaeorum
1546 1440 1642 1475 gens
1666 1429 1701 1464 II
1726 1429 1802 1474 117,
1827 1429 1882 1464 12.

324 1486 480 1522 Celer
528 1497 613 1523 cum
659 1486 951 1522 Donatistarum
998 1486 1483 1543 eon-{Chananaeus
1531 1487 1647 1523 stabit
1695 1487 1882 1523 adversus

372 1545 575 1581 suetudine
616 1545 837 1589 implicatus
877 1548 1105 1589 teneretur,
1078 1565 1105 1671 Ι
1170 1545 1325 1590 Israhel,
1359 1555 1444 1581 cum
1477 1545 1700 1581 Chananaei
1731 1545 1883 1581 labores

372 1603 428 1647 Α.,
489 1607 532 1638 ut
579 1613 665 1638 eum
716 1602 804 1638 inde
854 1602 1105 1646 extraheret
1169 1603 1372 1639 abstulerit
1418 1602 1578 1647 Israhel;
1627 1602 1883 1639 Chananaeus

371 1670 529 1705 operam
562 1661 680 1697 dabat
713 1660 853 1696 litteris
886 1661 931 1696 56
962 1665 1000 1696 et
1030 1643 1105 1695 57.
1103 1689 1106 1736 Ι
1170 1661 1314 1706 quippe
1349 1661 1488 1705 impius
1522 1661 1575 1695 IV
1606 1662 1663 1706 36,
1696 1661 1728 1696 2.

372 1718 640 1762 possessiones
666 1719 832 1754 habebat
862 1719 900 1753 in
929 1718 1105 1764 regione
1123 1719 1450 1755 charactere
1486 1719 1591 1765 regio
1628 1719 1781 1765 signare
1817 1718 1885 1754 mi-

373 1775 630 1821 Hipponiensi
665 1776 701 1811 11
735 1777 814 1821 215,
847 1776 1020 1821 22-216,
1054 1777 1106 1838 4,Ι
1171 1777 1277 1813 litem
1319 1777 1370 1812 IV
1412 1777 1467 1822 22,
1512 1777 1565 1812 12.
1606 1787 1700 1813 oves
1740 1776 1883 1813 Christi

373 1839 623 1878 procuratore
675 1835 854 1870 utebatur
906 1815 1106 1891 Sponde0{
1171 1835 1431 1870 characterem
1462 1835 1696 1870 dominicum
1726 1839 1885 1879 portant

374 1892 428 1927 III
459 1893 596 1937 151,1
623 1893 670 1928 de
697 1892 780 1928 eius
808 1892 1015 1928 adversum
1046 1894 1106 1947 se}
1171 1893 1210 1928 in
1239 1897 1491 1938 sacramento,
1521 1893 1623 1939 quod
1650 1897 1885 1937 acceperunt

371 1314 477 1348 niani
503 1313 688 1348 haeretici
715 1318 851 1348 contra
875 1312 992 1348 libros
1018 1322 1084 1347 cur

370 1372 540 1407 nondum
577 1370 851 1415 rescripsisset,
898 1370 1086 1415 Hierony-

373 1951 619 1995 praepotenti
641 1950 977 1985 administratione
999 1960 1086 1985 con·
1104 1962 1106 2008 Ι

373 2012 550 2053 questum
588 2019 672 2044 esse
710 2008 959 2052 Antoninum,
1009 2007 1086 2052 epi-

374 2076 532 2111 scopum
563 2064 843 2110 Fussalensem,
871 2065 1003 2101 scribit
1031 2066 1106 2109 A.‚}

373 2134 447 2169 quo
482 2129 655 2168 tempore
692 2124 766 2159 iam
803 2123 946 2159 nullam
981 2133 1087 2169 gere-

372 2182 439 2217 bat
470 2182 509 2217 in
541 2181 674 2217 Africa
703 2186 770 2217 aut
799 2182 950 2226 uspiam
981 2185 1087 2225 pote-

374 2243 514 2275 statem
544 2239 595 2274 IV
625 2239 704 2283 350,
734 2240 766 2274 3.

329 2296 522 2332 Celsus
576 2307 636 2341 ep.
677 2297 721 2332 80
776 2297 826 2332 ad
881 2296 1085 2331 Paulinum

374 2355 544 2399 perferre
575 2359 734 2400 paratus
762 2365 848 2390 cum
878 2364 946 2400 spe
974 2353 1087 2390 citius

374 2413 589 2458 navigaret,
620 2413 677 2457 A.‚
709 2417 752 2448 ut
785 2413 951 2448 scribere
983 2411 1088 2448 festi-

376 2475 497 2516 naret,
524 2471 652 2516 coegit
678 2470 712 2504 II
738 2471 818 2515 346,
846 2471 900 2505 27.

329 2538 478 2564 cena:
512 2528 641 2573 plures
671 2533 709 2564 et
736 2538 858 2573 prope
887 2538 1019 2564 omnes
1049 2522 1108 2571 ἰιιζ

376 2587 569 2632 plerisque
599 2586 694 2622 locis
726 2586 787 2622 die
819 2596 938 2622 cenae
969 2585 1107 2621 domi-

376 2645 485 2680 nicae
537 2644 668 2679 lavare
719 2647 1005 2679 consueverunt
1053 2642 1089 2677 ΙΙ

1104 2237 1107 2268 l

1172 1950 1227 1985 III
1255 1951 1335 1996 642,
1362 1951 1397 1995 93
1427 1952 1473 1993 cf.
1504 1950 1555 1985 IV
1583 1951 1638 1996 22,
1667 1951 1699 1986 9.
1728 1960 1763 1986 υ.
1791 1951 1884 1995 bap—

1171 2008 1296 2044 tisma.

1125 2066 1335 2101 charta:
1398 2066 1565 2111 epistula
1611 2066 1666 2101 sic
1713 2065 1883 2110 inopiam

1172 2124 1327 2160 chartae
1367 2124 1524 2170 indicat,
1562 2129 1603 2160 ut
1642 2125 1884 2160 membranas

1172 2182 1307 2218 saltem
1344 2182 1541 2223 abundare
1577 2186 1742 2217 testetur
1777 2181 1793 2216 I
1827 2181 1884 2226 35,

1174 2240 1228 2275 15.
1254 2240 1310 2285 36,
1339 2240 1371 2275 2.

1126 2296 1416 2342 Cherubin,
1468 2297 1692 2344 angelorum
1746 2297 1884 2332 chorus

1173 2355 1208 2389 II
1231 2355 1310 2401 504,
1333 2356 1364 2391 9.
1531 2350 1533 2352 ’

1126 2412 1410 2448 choraula:
1483 2413 1665 2458 vulgares
1734 2412 1882 2448 dicunt:

1173 2470 1306 2506 ‘Malus
1339 2471 1523 2506 choraula
1552 2472 1675 2506 bonus
1705 2470 1884 2516 sympho-

1173 2529 1307 2564 niacus
1334 2528 1404 2564 est‘
1433 2528 1468 2563 11
1495 2528 1574 2574 221,
1605 2529 1657 2563 17.

1106 2586 1396 2631 Chremes
1440 2595 1608 2630 persona
1649 2585 1883 2621 Terentiana

1174 2644 1190 2678 I
1218 2644 1271 2689 15,
1300 2644 1353 2680 19.

378 2702 455 2746 168,
493 2703 528 2746 9,
571 2702 669 2737 unde
709 2701 769 2736 hic
809 2701 968 2737 lavandi
1006 2711 1088 2736 mos
1126 2701 1594 2737 Christianitatis
1642 2672 1691 2737 ad
1739 2701 1884 2745 perfec-

376 2763 482 2794 ortus
518 2769 601 2795 esse
637 2759 816 2794 videatur
853 2758 888 2794 II
923 2758 1108 2803 168,14

377 2828 472 2852 cena
504 2817 698 2852 (lominica
731 2827 764 2851 v.
798 2816 1041 2852 eucharistia.

1173 2764 1253 2795 tum
1282 2759 1474 2803 sapientia
1502 2759 1658 2794 inbutus
1687 2758 1742 2793 III
1769 2759 1824 2803 91,
1852 2759 1883 2792 8.

1107 2816 1108 2819 ’
1173 2817 1462 2852 Donatistarum
1484 2817 1688 2861 presbyter
1711 2816 1882 2852 ordinem
