2078 3054
299 184 381 226 194

340 312 393 347 IV
420 313 497 358 216,
526 314 557 349 6.
586 315 635 363 ad
663 326 775 361 quem
804 311 890 351 eu1⁰n
918 315 1055 352 Aseili-

339 381 405 406 cus
429 371 579 408 litteras
603 373 650 409 de
676 374 841 409 cavendi
868 374 1052 410 Iudaismi

337 429 622 474 disceptatione
656 432 836 477 misisset,
870 432 953 476 ipse
988 443 1053 468 eas

337 488 386 522 ad
429 488 474 524 A.
515 488 634 534 dedit,
677 489 742 535 qui
785 490 952 525 Asellico
996 501 1052 526 re-

337 546 495 589 spondit
523 557 582 591 ep.
613 547 689 583 196.

288 605 642 654 Donatistae,
712 621 873 655 quorum
945 611 1051 646 furor

334 671 494 702 exortus
528 672 587 703 est
623 668 662 703 in
694 669 823 704 media
856 670 1050 705 consulari

335 723 518 760 Numidia
554 725 589 760 II
627 726 705 771 217,
741 727 773 762 9.
810 727 850 762 in
885 728 1049 763 concilio

333 794 357 818 a
383 782 559 819 Secundo
587 783 816 830 Tigisitano‚
844 784 1049 822 Numidiae

334 841 510 887 primate,
536 842 574 877 in
599 843 713 878 domo
738 843 883 879 Urbani
906 843 1050 880 Donati

333 899 464 935 habito
514 900 552 935 in
599 910 677 946 eos,
726 902 791 947 qui
840 902 1049 938 traditores

333 958 572 1004 dicebantur,
606 959 734 995 dictae
772 964 862 995 sunt
897 966 1049 997 senten-

332 1016 421 1062 tiae,
445 1017 510 1052 ubi
534 1022 761 1062 praesentes
786 1023 823 1054 et
848 1018 1048 1055 confessos

331 1075 539 1111 traditores
576 1076 732 1122 reliquit
767 1077 840 1112 deo
876 1077 1048 1113 iudican-

331 1133 401 1169 dos
432 1138 470 1169 et
502 1134 540 1169 in
573 1135 859 1179 episcopalibus
892 1136 1047 1171 sedibus

330 1202 485 1228 manere
533 1193 717 1238 permisit.
778 1204 862 1228 cum
909 1194 1046 1239 quibus

330 1250 556 1286 traditorem
603 1251 802 1287 Silvanum
850 1252 1047 1287 ordinavit

331 1308 556 1353 episcopum
587 1309 622 1343 II
653 1310 707 1354 87,
735 1310 767 1344 6.
798 1310 853 1354 89,
884 1310 937 1345 11.
969 1310 1046 1355 155,

333 1367 389 1411 123
412 1367 458 1409 ct.
481 1367 536 1412 88,
562 1368 614 1403 17.
638 1368 692 1413 89,
716 1368 769 1403 16.
790 1368 846 1413 93,
869 1368 922 1403 15.
944 1368 1044 1403 idem

330 1430 468 1468 postea
516 1426 621 1470 apud
670 1426 944 1471 Carthaginem
1006 1426 1045 1461 in

329 1484 492 1519 concilio
529 1485 779 1529 septuaginta
813 1484 931 1520 ferme
967 1485 1046 1529 epi-

330 1552 533 1587 scoporum
556 1552 641 1578 cum
665 1543 928 1588 tradit-oribus,
948 1553 1044 1589 quos

329 1607 554 1647 praesentes
589 1607 704 1649 atque
739 1603 938 1639 confessos
971 1604 1043 1639 deo

328 1664 539 1709 dimiserat,
563 1664 763 1699 damnavit
787 1664 945 1701 crimine
969 1668 1044 1699 tra·

328 1724 487 1760 ditionis
528 1735 603 1759 non
646 1724 864 1760 confessum
905 1730 942 1760 et
981 1725 1043 1760 ab·

328 1790 474 1820 sentem
543 1785 804 1820 Caecilianum
869 1785 1041 1831 aliosque

327 1857 417 1881 snos
473 1846 654 1891 collegas,
712 1857 807 1892 qnos
863 1847 1043 1886 absentes

327 1910 431 1953 apud
471 1920 555 1944 eum
595 1920 706 1945 nemo
745 1910 968 1945 convicerat
1006 1909 1042 1944 II

328 1970 381 2014 86,
411 1969 465 2004 25.
493 1970 548 2014 88,
578 1970 630 2005 18.
659 1971 713 2014 89,
740 1970 798 2013 26;
827 1971 874 2012 cs.
903 1971 958 2015 87,
988 1970 1040 2005 10.

327 2031 381 2074 89,
406 2031 437 2065 7.
464 2031 516 2065 15.
541 2031 596 2076 96,
619 2032 651 2065 4.
673 2031 727 2065 24.
751 2031 805 2075 99,
829 2032 859 2065 7.
883 2031 961 2075 596,
987 2031 1039 2065 13.

327 2090 380 2124 111
418 2091 496 2135 239,
538 2085 588 2125 17.
628 2092 705 2135 241,
750 2092 800 2126 14.
839 2091 886 2126 de
924 2101 1042 2125 cansa

326 2151 548 2196 Caeciliani,
572 2163 682 2196 quem
709 2151 934 2187 Donatistae
958 2162 1041 2196 per-

327 2212 447 2247 secuti
477 2216 576 2249 sunt.
607 2222 637 2246 en
664 2212 918 2256 Faecilianus,
944 2212 1041 2246 (Jon-

327 2272 531 2307 st'antinus.
584 2283 672 2315 pars
723 2272 864 2307 Donati
916 2272 1039 2315 primo

325 2333 428 2376 apud
453 2333 724 2377 Carthaginem
750 2343 839 2377 pars
863 2332 1039 2367 Maiorini

325 2393 524 2428 dicebatur
554 2393 586 2427 11
616 2395 694 2434 407.
730 2394 780 2428 12.
810 2393 1037 2429 Maiorinum

324 2454 423 2488 enim
461 2454 649 2488 adversus
684 2454 945 2488 Caecilianum
981 2464 1059 2509 ομ,

325 2514 553 2548 dinavernnt
587 2514 810 2557 episcopum
841 2514 874 2547 11
901 2515 956 2557 87,
985 2514 1038 2548 14.

328 2575 403 2618 116,
442 2575 474 2609 4.
517 2577 553 2610 in
594 2574 728 2608 ordine
767 2575 1036 2618 episcoporum

324 2634 582 2669 Romanorum
646 2635 771 2669 nnllns
833 2634 1039 2668 Donatista

325 2696 531 2739 episcopus
574 2695 767 2729 invenitur
809 2694 841 2728 ΙΙ
887 2695 963 2733 154.
1005 2695 1036 2729 3.

325 2757 390 2790 ¹<ed
442 2767 487 2791 ex
537 2762 759 2790 transverso
809 2766 854 2790 ex
908 2755 1038 2790 Ati-ica

323 2817 540 2850 ordinatum
578 2816 774 2854 miserunt,
807 2816 870 2860 qni
903 2816 1037 2860 paneis

325 2876 550 2919 praesidens
586 2877 688 2910 Afris
722 2877 757 2910 in
791 2877 881 2910 urhe
916 2876 1056 2910 Roma

969 199 1110 238 Index
1140 202 1183 238 V.

1140 315 1398 354 Montensium
1449 321 1512 356 vel
1562 321 1854 367 Cutzupitarum

1140 376 1370 412 vocabulum
1396 380 1629 424 propagavit
1658 381 1691 414 11
1720 382 1796 426 154,
1822 382 1853 416 4.

1186 432 1414 472 Donatistae
1451 437 1595 472 crimen
1632 439 1854 474 traditionis

1139 491 1339 528 catholicis
1376 494 1595 531 obiciebant
1634 496 1667 530 II
1704 498 1759 536 30,
1800 498 1852 533 16.

1141 548 1218 595 145,
1248 550 1300 585 13.
1328 551 1407 596 328,
1440 552 1493 587 15.
1522 553 1600 598 596,
1628 554 1659 589 8.
1688 555 1767 600 608,
1797 556 1851 590 20.

1139 606 1193 641 III
1215 608 1294 652 235,
1319 609 1371 644 13.
1396 609 1475 655 236,
1498 611 1529 645 9.
1553 616 1711 656 propter
1735 613 1852 647 tradi-

1137 669 1240 700 tores
1268 666 1447 703 dicebant
1475 670 1706 705 remansisse
1734 671 1852 706 eccle-

1137 723 1232 758 siam
1260 724 1403 760 Christi
1431 726 1469 760 in
1497 726 1579 761 sola
1607 727 1740 763 Africa
1767 739 1851 773 par—

1135 781 1185 816 tis
1229 781 1371 818 Donati
1417 783 1451 817 II
1495 784 1574 829 596,
1620 786 1676 821 16:
1720 787 1849 821 orbem

1134 838 1394 876 Christianum
1432 841 1643 877 Caeciliani
1679 845 1850 888 peccatis

1135 907 1219 933 esse
1249 898 1437 942 pollutum
1467 899 1519 934 IV
1551 901 1604 945 15,
1632 902 1662 936 7.
1692 901 1850 937 Donati-

1135 959 1217 991 stae
1252 957 1382 1000 potius
1417 957 1455 993 in
1488 958 1558 993 tali
1592 959 1751 995 crimine
1786 960 1850 995 de-

1134 1014 1225 1049 tecti
1266 1019 1304 1052 et
1342 1015 1510 1051 confessi
1549 1017 1849 1053 manifestaban-

1134 1075 1196 1106 tur
1220 1072 1254 1106 II
1278 1073 1357 1118 608,
1383 1074 1441 1118 223
1465 1075 1512 1115 cf.
1537 1075 1614 1119 112,
1638 1075 1692 1110 27.
1717 1086 1846 1111 eorum

1132 1130 1298 1166 maiores
1325 1132 1481 1177 quidam
1511 1133 1664 1168 codices
1693 1139 1848 1169 sanctos

1132 1193 1170 1223 et
1207 1189 1463 1225 instrumenta
1498 1191 1685 1227 ecclesiae
1722 1203 1848 1236 perse-

1132 1247 1328 1283 cutoribus
1374 1249 1630 1294 tradiderunt,
1691 1251 1846 1295 qnidam

1132 1315 1198 1340 eos
1239 1305 1406 1342 fatentes
1446 1306 1675 1343 dimiserunt
1714 1314 1752 1343 et
1792 1309 1846 1343 eis

1131 1364 1526 1410 communicaverunt,
1572 1366 1723 1411 utrique
1759 1367 1847 1402 Car-

1132 1421 1290 1467 thagine
1332 1423 1379 1459 de
1421 1424 1580 1459 crimine
1624 1425 1845 1460 traditionis

1132 1480 1328 1516 inauditos
1368 1482 1650 1517 damnaverunt
1693 1483 1727 1517 II
1767 1483 1846 1527 327,

1129 1539 1161 1572 4.
1190 1538 1228 1573 in
1254 1539 1416 1574 concilio
1445 1540 1617 1575 Zertensi
1645 1541 1844 1585 episcopa-

1128 1595 1227 1632 libus
1271 1598 1392 1642 gestis
1436 1598 1743 1634 demonstratum
1786 1605 1841 1634 est

1129 1654 1279 1700 aliquos
1308 1655 1599 1691 Donatistarum
1627 1657 1842 1701 episcopos.

1129 1715 1193 1758 qui
1260 1713 1473 1750 sententias
1540 1714 1577 1750 in
1645 1716 1841 1750 absentem

1127 1771 1307 1807 dixerant
1358 1772 1633 1818 Caecilia-num,
1685 1773 1843 1808 manife-

1128 1829 1317 1865 stissimos
1366 1830 1484 1866 fnisse
1532 1831 1740 1867 traditores
1788 1831 1841 1866 111

1128 1887 1205 1931 241,
1235 1888 1288 1923 13.

1176 1945 1217 1980 ln
1243 1946 1484 1982 Christianos
1512 1947 1749 1989 innocentes,
1777 1948 1840 1993 qni

1127 2013 1195 2047 per
1219 2008 1341 2040 totum
1367 2006 1496 2041 orbem
1522 2005 1633 2040 malis
1658 2006 1840 2041 Christia-

1126 2062 1185 2096 nis
1224 2063 1404 2106 permixti
1446 2067 1546 2108 sunt,
1585 2064 1706 2098 multa
1743 2064 1839 2098 falsa

1126 2120 1286 2155 erimina
1328 2127 1363 2156 et
1406 2132 1509 2156 vana
1550 2121 1743 2157 iactabant
1786 2122 1840 2156 di-

1125 2183 1256 2213 centes
1284 2180 1413 2214 orbem
1444 2185 1630 2215 terrarum
1661 2180 1836 2214 Afrorum

1124 2236 1347 2272 criminibus
1394 2248 1477 2273 esse
1523 2238 1755 2273 maculatum
1802 2242 1840 2272 et

1124 2294 1377 2330 hereditatem
1418 2296 1560 2331 Christi
1600 2306 1668 2341 per
1709 2300 1838 2330 conta-

1123 2352 1276 2397 gionem
1330 2354 1689 2389 communicationis
1739 2354 1839 2389 dele-

1124 2415 1201 2446 tam
1232 2411 1266 2445 11
1298 2412 1374 2456 156,
1405 2412 1459 2447 20.
1492 2413 1566 2455 157,
1597 2413 1652 2446 10;
1683 2413 1729 2454 cf.
1758 2412 1836 2446 625.

1123 2469 1181 2505 21:
1209 2469 1410 2504 ecclesiam
1438 2481 1544 2505 suam
1571 2470 1762 2504 Christum
1790 2470 1835 2504 dc

1123 2530 1206 2562 toto
1230 2529 1320 2564 orbe
1347 2528 1562 2572 perdidisse
1588 2533 1622 2562 et
1651 2528 1686 2562 in
1712 2527 1830 2562 Dona⁴

1122 2585 1224 2620 tistis
1267 2586 1358 2620 solis
1400 2586 1538 2621 habere
1583 2586 1757 2629 coepisse
1804 2585 1835 2618 ΙΙ

1124 2643 1200 2687 142,
1233 2644 1288 2679 16:
1319 2644 1364 2684 cf.
1394 2645 1472 2687 476,
1505 2644 1557 2678 16.
1586 2644 1664 2682 596.
1696 2644 1748 2678 17.
1778 2654 1834 2678 sa-

1122 2706 1316 2736 eramenta
1336 2702 1423 2736 'cnm
1447 2702 1716 2746 peccatoribus
1736 2711 1835 2736 eom-

1121 2760 1353 2794 municando
1383 2760 1528 2803 perisse
1559 2760 1745 2803 putabant
1777 2769 1834 2793 ec-

1122 2817 1288 2861 clesiam,
1335 2828 1432 2862 quae
1480 2817 1612 2852 fnisset
1662 2818 1698 2851 in
1743 2817 1833 2850 orbe

1121 2880 1320 2910 terrarum.
1352 2881 1465 2920 :itque
1498 2875 1580 2909 ideo
1613 2887 1650 2906 se
1681 2886 1832 2918 separa-
