2078 3054
287 155 372 197 418

289 296 405 331 supra
437 285 562 321 dictus
596 285 629 320 II
660 285 716 329 62,
748 285 780 320 9.
804 285 865 333 ΔΙΙΙ
896 285 976 328 544,
1010 285 1051 320 13

951 169 1093 205 Index
1120 169 1184 204 VI.

1133 284 1238 320 vitae
1266 285 1378 320 liuius
1406 285 1459 320 III
1489 286 1543 329 16,
1573 286 1603 321 1.
1630 285 1681 320 IV
1709 286 1790 330 627,
1816 287 1849 321 8.

335 343 486 387 (Hier.).
521 343 600 386 562,
636 343 667 377 2.
702 343 781 386 722,
816 343 837 377 4
872 342 1051 386 (Imma).
1087 342 1379 378 *sustinentiam
1407 342 1474 378 Iob
1500 343 1663 379 audistis
1690 343 1744 378 III
1772 344 1850 387 176,

337 401 389 435 IV
415 401 447 445 5,
476 401 518 435 12
545 401 591 436 al.
618 423 665 427 ——
690 401 895 444 *temptari
923 410 1051 444 supra,

336 470 449 505 quam
486 469 690 502 possumus
726 458 824 495 ferre
859 458 894 493 II
928 459 984 498 83,
1019 458 1051 492 2.

1135 400 1189 436 13.
1218 401 1295 444 177,
1322 401 1359 443 33
1387 401 1433 442 cf.
1460 401 1493 436 5.

1087 458 1393 494 *susurrationes
1425 458 1476 493 IV
1507 458 1588 502 358,
1619 459 1652 494 7.

337 517 486 552 ssfacere
518 527 646 561 supra,
676 527 789 562 quam
820 516 986 560 petimus
1016 516 1051 550 ΙΙ
1087 525 1310 561 synagogae
1351 516 1521 560 orientis,
1562 516 1601 551 in
1640 516 1849 562 synagogis

336 575 414 618 715,
440 574 494 609 16.
521 574 573 609 III
597 575 652 618 77,
675 575 707 609 6.

290 633 577 677 suprascriptus
616 632 649 666 ΙΙ
689 633 769 678 408,
809 633 852 667 16
889 632 1050 676 (Anum.

335 691 413 734 457,
440 691 494 725 20.

289 748 511 783 surdescere
540 748 593 782 III
621 749 700 792 474,
730 749 761 783 7.

289 816 437 841 sursum
479 816 544 841 cor
587 805 726 841 habere
768 806 816 841 ad
857 805 1052 841 dominum

335 865 521 908 (Sacram.
562 864 708 907 Gelas.)
746 864 798 898 ΙΙΙ
838 865 893 910 78,
931 866 962 900 7.
1000 863 1051 898 IV

337 923 413 966 135,
444 922 500 957 28.

289 990 512 1016 suscensere
550 990 635 1016 cum
672 991 750 1015 acc,
788 984 827 1016 et
862 981 945 1022 ints
981 990 1051 1016 nec

336 1042 588 1074 suscenseant
621 1042 803 1083 parentes
839 1039 910 1074 hoc
944 1047 1052 1083 prae-

335 1096 463 1140 cipere
492 1096 686 1131 dominum
713 1096 766 1131 IV
792 1096 872 1141 572,
901 1097 933 1131 4.

289 1158 503 1199 susceptor:
529 1154 743 1199 *quoniam,
767 1154 874 1198 deus,
899 1164 1052 1198 suscep·

336 1215 397 1247 tor
418 1222 524 1248 meus
548 1222 587 1248 es
610 1212 662 1247 IV
683 1213 739 1256 49,
763 1213 817 1248 18.
839 1212 895 1247 21.
917 1213 973 1256 53,
997 1213 1050 1248 10.

289 1270 497 1315 suscipere:
542 1270 633 1305 mihi
674 1270 871 1306 decretum
915 1273 972 1306 est
1015 1272 1051 1304 te

335 1339 474 1371 amare,
510 1328 716 1373 suscipere,
752 1328 889 1372 colere,
925 1328 1052 1363 mirari

336 1386 388 1420 111
412 1387 492 1429 637,
518 1386 558 1420 11
585 1390 624 1422 et
648 1386 699 1421 IV
721 1386 801 1430 303,
827 1386 868 1420 21
895 1386 1051 1430 (Hier.),·

336 1444 382 1485 cf.
421 1444 499 1488 215,
537 1444 558 1479 8
595 1444 745 1488 (Hiera).
785 1444 1051 1488 suscipiendus

336 1502 410 1536 adi.
436 1502 450 1535 I
477 1502 531 1545 76,
557 1502 596 1536 11
622 1502 777 1545 (Palm).
802 1502 836 1536 II
861 1502 916 1542 31,
940 1503 972 1537 9.
995 1503 1049 1541 68,

336 1560 380 1594 13
407 1559 558 1603 (Hc'er.).
588 1559 667 1604 215,
697 1560 752 1594 21.
780 1560 859 1604 230,
890 1560 943 1595 18.
973 1560 1052 1603 426,

338 1618 379 1652 14
409 1621 448 1652 ec
477 1618 556 1661 427,
588 1619 608 1652 7
638 1618 795 1662 (Nem).
826 1618 879 1652 111
910 1618 988 1662 266,
1019 1619 1051 1652 7.

336 1675 415 1719 428,
452 1676 474 1711 9
513 1679 551 1710 et
589 1676 667 1719 430,
707 1677 727 1710 7
765 1676 960 1719 (Maced.).
999 1675 1052 1710 IV

339 1733 414 1777 164,
444 1734 476 1768 6.
505 1734 584 1777 346,
614 1734 668 1769 18.
696 1734 774 1777 469,
803 1735 825 1769 3
854 1734 965 1778 (Hil.)
993 1734 1052 1776 al„

337 1791 503 1825 maxime
543 1792 581 1826 ἰ-ιι
620 1792 939 1836 inscriptionibus
975 1793 1052 1837 epi-

337 1849 525 1884 stularum
556 1850 648 1893 (22).
680 1850 761 1891 fere
792 1850 931 1894 ubique
963 1860 998 1885 v.
1030 1850 1052 1884 I.

338 1907 607 1950 suspiciendus
659 1908 698 1942 in
751 1908 948 1943 codicibus
1000 1908 1053 1942 in-

339 1967 501 2000 venitur.

292 2023 501 2059 ²³²suscitare
533 2034 557 2058 a>
586 2023 747 2058 mortuis
779 2023 832 2056 111
864 2023 943 2057 372.
976 2024 1006 2057 7.

292 2092 477 2124 suspense
508 2084 564 2123 (Ξ
581 2081 819 2125 dubitanter)
848 2080 881 2114 ΙΙ
909 2081 985 2120 124,
1013 2081 1053 2114 13

338 2139 493 2181 (Pam).
531 2160 578 2164 —
615 2139 654 2173 in
691 2138 788 2173 alios
828 2138 1053 2183 propensius

340 2196 376 2231 in
408 2196 504 2231 alios
535 2197 760 2240 suspensius
793 2196 968 2231 inclinari
1000 2196 1053 2231 111

338 2255 393 2293 54,
422 2254 476 2288 17.

294 2322 502 2356 suspensus
523 2313 620 2346 actis
640 2312 674 2346 II
695 2313 773 2348 410.
795 2313 839 2347 20
860 2314 1054 2358 (imperat.

339 2370 442 2413 lita),
475 2370 697 2405 avidissime
730 2370 767 2404 in
799 2374 866 2405 tua
897 2381 964 2405 ora
996 2380 1055 2404 su-

342 2438 501 2472 spensos
523 2427 666 2472 aliquid
687 2428 823 2463 docere
846 2428 878 2462 11
899 2428 979 2472 675,
1002 2428 1054 2462 18.

295 2486 564 2530 suspiciendus
591 2487 666 2521 asli.
695 2486 728 2520 ΙΙ
757 2487 834 2530 396,
861 2488 892 2521 3.
923 2487 975 2523 15.
1006 2486 1053 2519 [V

341 2545 420 2579 616.
446 2544 466 2578 2
490 2544 667 2588 (Andos)
691 2547 728 2578 et
753 2554 822 2589 pro
849 2543 1056 2588 suscipien-

343 2602 413 2636 dus
434 2602 515 2642 sc’re
540 2602 678 2646 ubique
701 2603 736 2636 in
764 2611 796 2637 v.
819 2602 841 2636 I.
865 2602 1056 2643 codicum

348 2670 377 2694 c.
406 2660 611 2704 suscipere.

297 2718 502 2762 suspirare:
534 2717 626 2761 vita,
656 2717 717 2752 cui
746 2717 812 2752 uni
842 2717 1058 2752 Christiana

345 2776 462 2810 corda
485 2775 679 2819 suspirant
702 2775 716 2809 l
739 2776 795 2818 52,
821 2775 875 2809 12.

299 2833 562 2868 sustentacula
593 2843 801 2878 pauperum
831 2833 866 2867 II
894 2832 973 2876 585,
1003 2832 1058 2875 22,

1134 577 1294 609 satanae
1333 573 1368 608 II
1406 575 1486 618 303,
1528 574 1570 610 13
1610 577 1649 610 et
1686 574 1766 619 304,
1808 574 1850 609 13

1133 632 1284 676 (Hier.).
1314 631 1490 667 *tradent
1519 642 1590 667 vos
1619 631 1656 666 in
1686 642 1850 677 synago-

1133 700 1203 735 gas
1224 690 1276 724 IV
1298 690 1377 734 241,
1400 690 1453 725 14.
1474 694 1619 735 quanta
1641 690 1716 725 ista
1737 700 1850 735 syna-

1133 758 1236 793 goga
1269 752 1328 783 est
1363 749 1466 793 (opp.
1500 747 1665 783 ecclesia
1696 746 1850 793 magna)

1133 805 1187 840 III
1216 806 1295 850 206,
1326 806 1356 840 1.

1087 863 1258 909 synodus
1300 862 1534 907 Milevitana,
1577 862 1850 908 Carthaginen-

1134 921 1186 956 sis
1228 921 1282 956 III
1322 921 1402 965 715,
1443 922 1464 956 4
1506 923 1545 956 et
1587 921 1628 956 10
1670 920 1850 965 (lanea),

1135 979 1307 1014 Nicaena
1355 978 1408 1013 IV
1459 979 1538 1023 298,
1586 979 1608 1013 5
1656 979 1849 1023 (imperat.

1133 1037 1237 1081 litt),
1280 1036 1548 1082 Diospolitana
1589 1036 1642 1071 IV
1682 1037 1764 1081 300,
1807 1036 1850 1070 18

1134 1094 1284 1139 (Hier.).

1087 1210 1282 1246 tabefacta
1306 1211 1476 1246 membra
1500 1210 1516 1245 I
1541 1210 1596 1255 70,
1620 1211 1653 1245 3.

1085 1268 1230 1304 tabula:
1266 1268 1397 1314 aliqua
1429 1269 1477 1304 ab
1510 1268 1674 1304 invicem
1709 1267 1759 1303 ad
1793 1271 1848 1303 ta-

1084 1327 1086 1329 ’
1133 1327 1242 1362 bulas
1267 1326 1373 1362 dicta
1397 1330 1487 1361 sunt
1511 1326 1547 1361 II
1574 1326 1651 1372 111,
1676 1327 1708 1361 2.

1087 1389 1228 1421 tacere:
1274 1395 1344 1420 nec
1387 1388 1498 1420 taceo
1542 1394 1628 1419 cum
1671 1383 1847 1418 oratione

1134 1445 1239 1479 recta
1270 1442 1323 1477 III
1353 1442 1431 1487 496,
1458 1443 1480 1478 3
1510 1442 1685 1486 (Evod.);
1714 1452 1749 1477 v.
1780 1451 1849 1486 pu-

1133 1505 1227 1537 tare.

1087 1557 1370 1594 taediosissime
1387 1557 1633 1601 interpellare
1650 1557 1778 1601 11602,
1800 1558 1853 1591 16.

1089 1621 1181 1652 tam:
1219 1617 1267 1653 de
1305 1621 1382 1652 tam
1421 1616 1715 1652 evidentissima
1751 1625 1851 1650 com-

1137 1675 1306 1719 pletione
1345 1674 1571 1719 prophetiae
1608 1674 1643 1708 ΙΙ
1682 1674 1759 1718 140,
1798 1674 1851 1709 19.

1137 1733 1292 1778 cognito
1326 1737 1404 1768 tam
1438 1732 1763 1768 excellentissimo
1796 1732 1851 1776 (v.

1137 1792 1160 1826 I.
1202 1790 1422 1832 excellenti)
1466 1791 1566 1825 bono
1607 1790 1662 1824 III
1701 1790 1781 1833 381,
1820 1791 1852 1825 3.

1138 1848 1348 1893 (felicita-s),
1398 1859 1496 1893 quae
1545 1852 1623 1882 tam
1672 1846 1849 1890 proxima

1138 1911 1197 1942 est
1221 1906 1255 1940 ΙΙ
1279 1906 1358 1950 671,
1382 1906 1413 1941 8.
1448 1916 1533 1941 cum
1555 1909 1598 1941 tu
1619 1910 1697 1940 tam
1721 1905 1850 1949 plures

1138 1963 1499 1999 commemoraveris
1533 1963 1568 1997 II
1601 1964 1679 2007 375,
1715 1963 1771 2006 153
1804 1963 1850 2004 cf.

1137 2022 1214 2065 431,
1246 2022 1278 2057 2.
1308 2021 1359 2056 IV
1389 2022 1467 2065 447,
1498 2022 1555 2062 12:
1587 2031 1620 2056 v.
1651 2031 1776 2066 quam.
1804 2042 1849 2046 —

1138 2079 1284 2114 maiora
1324 2083 1439 2125 atque
1480 2079 1627 2114 minora
1669 2083 1747 2114 tam
1791 2079 1852 2122 (Ξ

1135 2138 1273 2183 aeque)
1300 2148 1394 2172 sana
1417 2142 1504 2172 sunt
1529 2137 1580 2171 IV
1603 2137 1659 2183 91,
1683 2137 1737 2172 11.

1089 2199 1299 2241 tamquam:
1331 2195 1384 2230 ita
1496 2200 1691 2240 tamquam
1720 2205 1754 2229 v.
1784 2194 1849 2228 ita.

1091 2254 1189 2288 tanti
1232 2253 1347 2288 habet
1376 2253 1550 2288 :tanti
1592 2263 1676 2288 esse
1719 2255 1851 2287 censet

1139 2311 1193 2345 III
1219 2310 1297 2354 611,
1323 2311 1353 2345 8.

1093 2373 1202 2404 tanto
1227 2396 1235 2404 .
1251 2396 1282 2403 ..
1307 2372 1451 2414 quanto
1478 2379 1511 2403 v.
1537 2372 1693 2413 quanto.

1092 2431 1240 2462 tantum
1268 2442 1311 2454 Ξ
1339 2431 1430 2462 tam:
1459 2427 1524 2471 qui
1550 2431 1586 2462 te
1611 2431 1761 2461 tantum
1787 2427 1851 2461 bo-

1139 2495 1227 2519 num
1256 2485 1429 2520 homines
1457 2483 1726 2528 interpellant?
1753 2483 1769 2518 1
1797 2484 1851 2527 11,

1142 2543 1181 2577 11
1218 2543 1379 2586 (Ncbr.).
1415 2542 1510 2577 locis
1546 2546 1733 2577 terrarum
1770 2546 1852 2577 tan-

1140 2605 1218 2635 tum
1268 2600 1380 2645 longe
1427 2599 1648 2634 disiunctis·
1678 2599 1693 2633 I
1726 2600 1782 2643 55,
1816 2599 1850 2633 8:

1140 2659 1186 2693 (⁴.
1223 2659 1277 2698 62,
1315 2659 1345 2693 9.
1383 2668 1459 2693 non
1493 2662 1642 2693 tantum
1679 2656 1851 2692 mirabile

1141 2721 1200 2751 est.
1230 2716 1283 2750 III
1314 2717 1392 2759 509,
1422 2716 1444 2750 9
1473 2715 1642 2759 (Ec-oca).
1673 2725 1744 2760 ego
1775 2724 1851 2749 non

1140 2778 1290 2809 tantum
1324 2775 1382 2817 (z
1410 2774 1504 2817 tam)
1537 2777 1670 2809 vetera
1699 2772 1851 2807 abolere

1140 2836 1301 2867 conatus
1342 2842 1435 2869 sum.
1477 2841 1589 2876 quam
1630 2829 1850 2865 testimonia
