2078 3054
346 164 403 197 lix
984 163 1222 196 l'1·.·1i·i':1ti‹›.

342 281 545 334 congruit.
578 280 661 320 alia
696 279 824 333 igitur
862 292 955 320 eum
989 278 1057 319 via
1088 284 1214 331 atque
1246 279 1420 321 alterius
1452 280 1583 335 partis
1615 279 1781 322 codices
1814 294 1863 322 ex

341 343 645 397 antiquissimis
676 342 933 397 temporibus
966 341 1217 397 profluxisse
1249 348 1366 397 patet
1398 344 1449 384 ob
1483 357 1662 397 eamque
1693 356 1863 385 causam

341 407 637 461 gravissimum
671 412 733 448 est
764 407 823 448 rei
855 407 1025 448 criticae
1057 406 1396 448 instrumentum.
1430 412 1557 461 atque
1591 422 1632 449 re
1662 421 1760 449 vera
1787 406 1865 449 hoc

341 470 483 513 codice
522 470 702 525 epistula
743 469 822 510 1815
863 469 1082 524 permultis
1120 470 1220 511 locis
1260 470 1496 512 emendatis
1534 471 1864 526 suppletisque1j·

342 534 491 576 mirum
532 540 733 588 quantum
767 546 992 588 progressa
1024 538 1086 575 est
1119 534 1159 574 in
1194 533 1485 587 recuperando
1518 535 1694 589 pristino
1727 535 1866 589 splen-

340 597 452 640 dore.
485 603 526 639 at
560 604 698 639 tamen
733 611 816 639 non
856 597 985 638 nimia
1024 596 1178 638 fiducia
1217 598 1258 639 in
1298 612 1346 639 eo
1382 598 1639 640 conlocanda
1678 603 1754 649 est,
1791 598 1864 639 sed

340 662 478 704 cautio
501 661 708 715 quaedam
731 674 779 703 ac
803 660 1024 714 diligentia
1045 660 1301 702 adhibenda.
1329 662 1553 716 epistulam
1577 663 1687 704 euim
1712 677 1865 716 magna

341 740 434 767 cum
466 726 636 767 licentia
674 730 942 767 retractatam
976 724 1117 776 habet,
1151 725 1259 766 sicut
1293 726 1418 767 etiam
1454 726 1580 767 ceteri
1614 726 1781 768 codices
1811 726 1865 767 ab

343 789 422 831 hoc
445 789 546 831 vitio
570 803 652 831 non
677 794 774 830 sunt
795 788 929 840 liberi,
958 789 1101 842 itaque
1125 802 1342 843 persaepe,
1367 789 1436 842 qui
1465 790 1505 830 in
1536 804 1587 831 ea
1608 789 1869 832 restituenda

340 854 516 905 laborat,
560 866 713 906 magna
751 851 1000 894 difficultate
1041 851 1224 893 afficitur
1266 853 1464 905 incertus,
1509 858 1642 895 utram
1676 853 1867 895 codicum

341 924 502 972 partem
535 921 735 970 sequatur
767 922 970 971 oporteat.
1005 929 1111 969 quae
1144 929 1237 957 cuni
1273 916 1331 957 ita
1359 916 1458 969 sint,
1492 917 1686 970 quamvis
1714 918 1754 958 in
1778 917 1869 959 dies

341 981 476 1035 magis
515 980 735 1035 magisque
774 980 1071 1035 perspicerem,
1115 993 1239 1033 quam
1280 981 1424 1038 magni
1458 982 1659 1023 momenti
1693 986 1733 1023 et
1765 995 1865 1036 pon-

341 1044 451 1086 deris
488 1049 599 1086 esset
641 1044 709 1085 ille
753 1044 859 1086 liber
899 1043 1251 1095 Vindobonensis,
1303 1048 1457 1097 tamen,
1508 1045 1541 1086 si
1585 1045 1755 1099 quando
1799 1059 1865 1087 co-

339 1108 479 1150 dicum
497 1109 745 1150 auctoritate
764 1122 846 1150 non
873 1108 975 1150 satis
997 1107 1167 1150 adiutus
1190 1121 1260 1150 eas
1283 1108 1483 1151 lectiones
1505 1109 1661 1163 eligere
1684 1123 1867 1164 cogerer,

341 1185 447 1225 quae
465 1173 551 1215 veri
572 1172 809 1214 simillimae
832 1171 934 1213 milii
958 1185 1050 1214 esse
1075 1171 1330 1224 viderentur,
1353 1172 1600 1228 plerumque
1623 1173 1677 1214 ad
1697 1174 1869 1215 alterius

342 1236 472 1290 partis
513 1235 678 1278 codices
721 1234 982 1291 perducebar
1030 1249 1185 1289 eosque
1228 1237 1540 1279 consentientes
1581 1237 1777 1292 amplecti
1819 1251 1867 1279 eo

339 1300 478 1342 minus
515 1299 709 1342 dubitare
747 1300 948 1352 solebam7
995 1299 1107 1353 quod
1146 1300 1333 1342 universi
1372 1300 1511 1342 minus
1548 1300 1650 1342 mihi
1684 1302 1866 1356 corrupti

340 1377 431 1406 esse
464 1363 718 1406 videbantur
749 1377 875 1418 quam
909 1364 1015 1405 liber
1047 1363 1405 1407 Vindobonensis.
1435 1370 1578 1417 restat,
1612 1370 1655 1407 ut
1682 1364 1865 1407 adiciam

340 1428 381 1469 in
419 1427 563 1469 codice
596 1427 913 1470 Vindoboneusi
955 1427 1104 1470 eadem
1144 1427 1231 1470 fere
1268 1433 1422 1480 aetate,
1461 1441 1544 1482 qua
1577 1429 1758 1484 scriptus
1790 1436 1867 1477 est,

339 1491 475 1532 virum
497 1491 664 1534 doctum
689 1491 914 1546 epistulam
945 1491 1020 1533 186
1039 1492 1284 1543 correxisse,
1309 1493 1449 1534 varias
1468 1492 1670 1535 lectiones
1692 1493 1733 1534 in
1757 1506 1866 1534 mar-

338 1555 436 1609 gine
466 1554 729 1610 adposuisse,
767 1555 890 1610 signo
923 1561 936 1605 <
997 1561 1011 1605 >
1044 1556 1174 1598 verba
1212 1555 1394 1598 delenda
1431 1556 1694 1611 significasse
1726 1556 1869 1599 codice

339 1632 473 1666 usum,
517 1620 586 1672 qui
634 1619 807 1661 alterius
850 1620 980 1674 partis
1022 1624 1128 1674 erat3
1179 1619 1238 1661 ita
1279 1620 1406 1672 enim,
1449 1634 1558 1674 quac
1600 1626 1786 1663 correcta
1828 1627 1868 1662 et

337 1682 539 1724 adnotata
572 1688 682 1734 sunt,
717 1696 811 1725 cum
844 1683 927 1725 illis
959 1682 1174 1725 codicibus
1207 1689 1456 1738 congruunt.

343 1951 399 1997 κζ.
476 1951 566 1998 DE
638 1950 993 1999 EPISTULls
1055 1951 1537 2000 EPISCOPORUM
1599 1951 1867 2000 AFRICA-

345 2042 588 2092 NORUM
631 2043 722 2091 AD
761 2043 1246 2093 INNOOENTIUM
1285 2044 1512 2093 PAPAM
1550 2045 1641 2093 ET
1679 2045 1866 2093 INNO-

790 2136 997 2185 (¹ENTI
1035 2136 1414 2187 RESPONSIS.

396 2275 539 2317 Tertio
572 2275 660 2317 loco
692 2289 798 2330 opus
837 2281 900 2318 est
941 2282 985 2318 ut
1021 2277 1211 2318 animum
1250 2276 1523 2318 intendamus
1560 2276 1615 2317 ad
1654 2276 1868 2330 epistulas,

342 2351 462 2392 quas
495 2338 721 2394 episcopi
757 2339 985 2394 Africani
1025 2339 1084 2381 ad
1116 2341 1468 2383 Innocentium
1508 2354 1684 2395 papam
1724 2340 1868 2382 mise-

340 2406 454 2444 runt
496 2403 609 2457 (175.
658 2402 751 2444 176.
799 2403 899 2459 177>
929 2399 987 2445 >et
1029 2405 1361 2446 Innocentius
1402 2404 1507 2445 illis
1557 2402 1869 2458 respondens

341 2466 605 2521 rescripsit
628 2466 742 2520 (181.
771 2466 863 2508 182.
895 2467 984 2509 183.
1020 2467 1137 2523 18433
1169 2467 1336 2510 accedit
1364 2467 1543 2522 epistula
1572 2467 1867 2522 imperatorum

342 2530 498 2571 Honori
521 2534 561 2572 et
582 2529 794 2573 Theodosi
817 2530 870 2572 ad
894 2531 1109 2573 Aurelium
1133 2532 1376 2587 episcopum
1407 2530 1541 2586 (201).
1577 2543 1683 2584 quae
1705 2530 1870 2571 litterae

340 2593 575 2647 antiquitus
607 2593 649 2635 in
681 2594 780 2636 solis
812 2594 900 2637 fere
933 2608 1141 2637 canonum
1175 2594 1392 2637 codicibus
1422 2594 1697 2637 inveniuntur
1733 2607 1870 2647 neque

403 2736 841 2782 ¹)cf.,·.5173;c;54.
873 2740 1869 2784 12:55,15:19;56.19:58.19;151‚10;17;o4‚5:

346 2791 1869 2835 18:65,3;67,7:1232225s,13;69‚11;71,ss:17374,5;76‚8—9;11;

343 2843 404 2876 20:
433 2843 485 2883 77,
516 2844 572 2883 103
602 2844 654 2885 78,
685 2845 742 2886 18;
771 2844 824 2887 79,
855 2846 906 2879 12.
