2078 3054
305 157 384 199 156

346 286 403 322 bis
441 285 560 322 efficit
596 290 758 323 mortem
793 286 868 322 nisi
904 285 1080 331 caritas(

347 355 444 390 quae
471 344 582 380 fortis
610 348 669 380 est
695 348 735 380 ut
763 344 888 380 mors?
915 344 951 379 II
979 332 1079 389 501,{

346 402 390 437 22
420 402 574 447 (Paul).
605 402 747 437 caritas
777 402 831 438 sic
861 402 1058 439 oblitterat

346 460 455 496 nobis
489 465 526 495 et
560 460 712 504 perimit
747 461 817 495 hoc
852 460 1057 504 saeculum,

345 523 387 554 ut
420 518 579 562 impleat
611 518 746 553 mortis
777 517 955 554 effectum
990 520 1078 562 per

345 575 525 612 affectum
560 576 714 621 Christi,
750 576 790 611 in
823 586 935 621 quem
970 586 1058 611 con-

344 634 447 670 versi
482 634 693 669 avertimur
727 634 775 670 ab
808 634 880 669 hoc
914 634 1056 669 mundo

345 692 380 727 ΙΙ
414 692 494 737 502,
531 693 548 727 1
586 692 741 737 (Paua).
778 695 821 727 ut
856 692 1060 737 discamus,

344 750 510 786 invitare
535 760 605 785 nos
626 750 741 786 debet
764 750 939 785 suavitas
959 750 1057 786 veri-

344 808 448 853 tatis,
487 812 530 844 ut
569 812 697 844 autem
737 808 956 853 doceamus,
996 818 1057 843 co-

972 173 1114 208 Index
1143 172 1186 208 V.

1144 285 1296 322 homine
1334 287 1464 331 posuit
1498 287 1553 323 III
1590 287 1666 333 163,
1702 289 1761 333 237.
1809 289 1855 330 cf.

1143 343 1179 379 II
1213 345 1294 390 441,
1332 345 1385 381 10.
1421 345 1547 382 carnis
1583 350 1622 383 et
1656 347 1856 393 sanguinis

1143 403 1296 438 nomine
1327 412 1447 446 opera
1478 404 1605 440 carnis
1635 408 1673 440 et
1703 405 1856 451 sangui-

1143 460 1203 495 nis
1249 461 1354 505 apud
1401 462 1619 506 apostolum
1667 466 1756 498 sunt
1802 462 1857 497 in-

1142 518 1365 564 tellegenda
1394 518 1445 553 lv
1475 519 1555 565 327,
1584 520 1606 555 8
1635 519 1697 556 vel
1726 520 1856 564 potius

1143 576 1349 621 corruptio·
1392 577 1518 613 carnis
1567 582 1606 614 et
1656 577 1856 624 sanguinis

1142 634 1223 680 327,
1247 634 1301 670 11.
1326 634 1407 680 334,
1433 635 1486 670 12.
1511 645 1587 681 quo
1611 635 1727 671 modo
1753 635 1856 671 dica-

1141 695 1217 727 tur:
1271 691 1380 728 ‘Caro
1431 693 1646 737 possidebit
1694 704 1855 740 regnum

1142 749 1216 786 dei‘
1262 754 1313 786 et:
1364 749 1472 786 ‘Caro
1517 761 1596 787 non
1642 751 1890 796 possidebit,

1141 818 1302 853 regnum
1336 807 1411 844 dei‘
1444 808 1497 843 IV
1530 809 1609 855 337,
1644 810 1677 845 4.

343 877 432 911 gere
495 866 708 902 necessitas
769 866 944 901 caritatis
1004 865 1056 900 IV
1095 865 1123 901 C
1138 876 1161 901 a
1175 876 1193 900 r
1207 870 1222 901 t
1237 877 1256 902 e
1272 876 1296 901 n
1310 878 1335 902 n
1350 877 1372 902 a
1387 877 1407 903 e
1433 867 1473 902 in
1497 866 1741 903 Mauretania
1764 867 1857 904 Cae-

346 924 423 970 175,
450 924 503 959 14.

391 982 499 1018 Unde
537 982 633 1018 deus
670 982 809 1018 colitur
848 982 923 1018 nisi
962 981 1056 1017 cari-

1143 924 1315 969 sariensi,
1349 924 1529 961 Vincenti
1564 926 1675 961 sedes
1710 925 1745 960 II
1780 926 1859 970 465,

1142 982 1197 1018 24.
1227 982 1307 1028 466,
1338 983 1394 1018 22.
1423 983 1502 1028 467,
1530 983 1586 1018 24.
1616 984 1695 1028 469,
1726 984 1781 1018 21.

343 1040 445 1076 tate?
476 1040 531 1075 III
560 1041 640 1086 598,
673 1041 726 1076 10.
758 1040 920 1076 caritate
951 1039 1057 1075 Chri·
1095 1039 1122 1075 C
1137 1050 1192 1075 ar
1206 1044 1220 1075 t
1236 1051 1255 1076 e
1271 1051 1295 1074 n
1310 1051 1334 1075 n
1349 1051 1369 1076 e
1385 1051 1408 1075 n
1424 1040 1500 1076 sis
1544 1041 1774 1077 Vincentius
1822 1041 1857 1076 II

343 1103 415 1145 sto,
439 1109 516 1134 non
541 1109 690 1143 poenae
716 1098 853 1134 timore
878 1098 1055 1134 cohaere-

343 1167 426 1192 mus
455 1156 511 1191 ΙΙΙ
537 1157 616 1202 271,
647 1157 700 1192 17.
729 1156 814 1202 quis
843 1166 934 1192 vere
962 1155 1056 1191 dicit

1141 1099 1220 1144 466,
1259 1098 1315 1134 22.
1352 1095 1496 1135 vicinia
1534 1099 1855 1136 Cartennensium

1143 1156 1178 1191 11
1207 1157 1287 1202 467,
1315 1157 1370 1193 24.

348 1225 388 1250 se
444 1215 584 1251 habere
642 1214 785 1250 Christi
839 1214 1052 1259 caritatem,
1095 1213 1123 1249 C
1139 1225 1161 1250 a
1175 1226 1192 1249 r
1208 1219 1221 1250 t
1236 1215 1259 1250 h
1275 1225 1298 1250 a
1311 1215 1400 1260 gin
1415 1226 1434 1251 e
1449 1226 1474 1250 n
1489 1226 1505 1251 s
1521 1225 1541 1251 e
1557 1226 1573 1251 s
1620 1215 1655 1250 II
1703 1216 1781 1259 101,
1826 1215 1858 1251 6.

343 1273 497 1318 quando
548 1273 630 1309 eius
681 1283 758 1308 non
810 1272 1055 1317 amplectitur
1075 1285 1077 1297 =

342 1326 552 1366 unitatem‘.>
589 1330 625 1365 11
640 1330 718 1375 223,
733 1331 788 1370 27,
825 1331 871 1371 cf.
886 1329 939 1364 IV
953 1330 1009 1375 44,
1024 1330 1055 1365 3.

295 1400 313 1423 c
329 1400 351 1424 a
366 1399 383 1423 r
399 1400 422 1423 n
437 1388 485 1424 al
500 1388 510 1424 i
527 1399 543 1424 s
573 1392 750 1424 vetustas
781 1387 947 1432 spiritali
977 1398 1056 1424 ces-

343 1447 393 1483 sit
427 1447 594 1483 novitati
628 1446 664 1481 II
697 1447 754 1491 54,
788 1446 820 1481 8.

294 1505 322 1540 C
337 1516 359 1540 a
374 1516 392 1540 r
406 1516 431 1540 n
445 1516 465 1541 e
480 1516 503 1540 a
517 1505 541 1540 d
557 1515 576 1541 e
592 1516 608 1540 s
645 1504 729 1540 vita
762 1504 879 1541 etiam
913 1503 1056 1550 longis-

342 1564 440 1599 sima
463 1574 597 1599 verum
623 1562 797 1598 invenire
824 1573 901 1598 non
927 1561 1055 1607 pot-uit

341 1621 358 1656 I
385 1622 417 1667 2,
444 1621 499 1657 20.

294 1690 349 1715 ca
365 1691 383 1715 r
398 1690 440 1715 o:
466 1683 648 1725 quattuor
670 1679 892 1715 humoribus
916 1682 1055 1714 natura

342 1737 470 1774 carnis
508 1741 746 1783 temperatur
787 1737 841 1772 IV
879 1736 959 1782 325,
1001 1736 1054 1772 17.

341 1800 408 1832 aut
433 1796 540 1831 carni
565 1796 680 1831 trium
707 1795 859 1831 illorum
883 1794 1055 1831 virorum

341 1854 478 1890 addita
527 1859 586 1891 est
636 1858 772 1890 contra
822 1853 950 1899 ignem
1000 1852 1055 1888 in-

342 1913 539 1957 corruptio
569 1916 636 1948 aut
665 1913 740 1957 ipsi
769 1912 850 1958 igni
880 1911 1056 1947 detracta

342 1971 615 2015 corrumpendi
656 1970 836 2009 facultas:
876 1970 948 2004 hoc
990 1969 1055 2004 illo

342 2029 462 2064 multo
489 2033 549 2064 est
575 2028 788 2064 mirabilius
815 2027 868 2062 IV
892 2027 971 2071 326,
1001 2027 1055 2062 10.

342 2090 557 2130 temperare
602 2086 769 2132 aliquem
812 2096 835 2121 a
876 2085 1055 2120 carnibus

341 2144 513 2189 edendis,
538 2148 580 2179 ut
606 2144 811 2180 inmundas
836 2143 1055 2187 arbitretur,

341 2202 585 2247 apertissime
609 2206 747 2237 contra
768 2201 881 2237 fidem
906 2211 1055 2237 sanam-

341 2272 414 2306 que
455 2260 670 2296 doctrinam
709 2264 770 2296 est
808 2259 843 2294 II
880 2259 960 2305 210,
999 2259 1054 2294 18.

341 2318 631 2354 similitudinem
706 2317 833 2353 carnis
903 2316 1055 2361 peccati

341 2376 506 2421 sumpsit
565 2376 741 2412 Christus
801 2386 871 2421 pro
932 2376 1054 2421 nobis,

340 2446 416 2480 qua
444 2444 534 2469 caro
560 2435 712 2479 peccati
737 2435 989 2471 mundaretur
1014 2435 1054 2470 in

341 2492 451 2528 nobis
480 2492 533 2527 IV
562 2492 639 2538 108,
668 2492 723 2528 22.
753 2497 853 2537 sunt,
880 2493 945 2538 qui
974 2502 1055 2528 car-

341 2561 427 2587 nem
468 2551 507 2586 in
547 2550 828 2587 resurrectione
869 2551 1055 2587 adserunt

341 2619 570 2644 conversum
617 2608 664 2643 iri
711 2609 750 2644 in
799 2608 1054 2644 substantiam

341 2666 404 2702 dei
439 2670 478 2702 et
511 2666 583 2702 hoc
616 2666 785 2702 futuram
819 2676 916 2711 esse,
951 2666 1075 2725 quod¹

1142 1273 1198 1307 III
1233 1274 1266 1318 5,
1307 1273 1359 1308 17.
1398 1284 1498 1309 unus
1536 1273 1855 1319 Carthaginensis

1142 1330 1198 1365 ΙΙΙ
1225 1332 1257 1377 7,
1281 1331 1335 1366 17.
1362 1331 1460 1367 sicut
1486 1331 1641 1367 videtur
1668 1332 1854 1367 audaciae

1141 1393 1290 1426 mutare
1330 1389 1473 1435 conari,
1513 1390 1617 1435 quod
1656 1389 1856 1436 Carthagi-

1141 1448 1273 1483 nensis
1316 1447 1480 1484 ecclesia
1521 1451 1639 1493 tenet,
1681 1447 1736 1483 sic
1777 1458 1855 1483 ma-

1140 1516 1240 1551 gnae
1273 1505 1524 1550 inpudentiae
1557 1510 1616 1542 est
1646 1505 1747 1541 velle
1780 1516 1855 1542 ser-

1139 1574 1243 1609 vare,
1289 1564 1392 1609 quod
1436 1563 1755 1610 Carthaginensis
1796 1573 1855 1599 ec-

1141 1621 1258 1657 clesia
1292 1622 1461 1658 correxit
1493 1621 1509 1656 I
1541 1622 1597 1667 58,
1630 1622 1659 1657 1.
1694 1622 1734 1657 in
1765 1621 1855 1657 Car-

1141 1679 1362 1725 thaginensi
1403 1679 1579 1724 ecclesia,
1620 1680 1658 1715 in
1699 1679 1854 1715 Africae

1141 1738 1268 1783 capite
1311 1738 1348 1773 II
1392 1739 1447 1783 99,
1491 1738 1545 1773 21.
1589 1737 1763 1782 episcopi
1807 1748 1853 1773 ex

1140 1806 1245 1832 more
1298 1796 1348 1832 ad
1400 1795 1745 1841 Carthaginensem
1797 1806 1856 1831 ec-

1141 1854 1297 1890 clesiam
1355 1854 1591 1890 sollemniter
1646 1853 1853 1889 veniebant

1143 1913 1195 1947 III
1226 1913 1305 1948 653.
1339 1913 1393 1948 11.
1425 1912 1628 1948 concilium
1661 1911 1859 1956 Carthagi-

1142 1981 1261 2006 nense
1289 1970 1324 2004 II
1352 1971 1431 2015 409,
1461 1971 1514 2005 17.
1542 1969 1595 2005 IV
1622 1971 1678 2014 47,
1706 1970 1739 2005 3.
1767 1979 1855 2004 con-

1142 2029 1271 2064 cilium
1308 2028 1626 2074 Carthaginense,
1662 2027 1727 2063 ubi
1763 2027 1855 2063 reci-

1141 2087 1277 2122 tabant
1316 2086 1566 2131 septuaginta
1603 2085 1689 2129 plus
1729 2085 1855 2120 minus

1141 2144 1411 2188 episcoporum
1459 2143 1673 2180 sententias
1721 2146 1856 2178 contra

1141 2202 1402 2238 Caecilianum
1443 2203 1640 2238 absentem
1682 2201 1854 2245 prolatas

1141 2260 1196 2295 III
1229 2260 1306 2305 239,
1343 2260 1396 2295 18.
1431 2259 1634 2295 concilium
1668 2258 1854 2295 ecclesiae

1141 2318 1458 2364 Carthaginensis
1501 2318 1579 2362 653,
1625 2317 1656 2353 9.
1700 2316 1777 2361 701,
1821 2317 1853 2352 3.

1141 2376 1345 2412 concilium
1388 2375 1613 2420 provinciae
1653 2374 1855 2419 Carthagi-

1142 2434 1272 2470 nensis
1310 2434 1388 2478 669,
1429 2434 1450 2468 5
1492 2434 1554 2477 (cf.
1592 2433 1671 2477 668,
1710 2433 1760 2477 9).
1800 2431 1853 2466 IV

1139 2493 1218 2537 389,
1249 2493 1302 2528 14.
1332 2491 1650 2536 Carthaginensis
1680 2490 1853 2535 synodus

1140 2550 1195 2585 ΙΙΙ
1226 2550 1304 2594 715,
1334 2550 1387 2585 10.
1415 2549 1741 2594 Carthaginenses
1770 2548 1852 2583 rhe-

1138 2612 1242 2643 tores
1272 2607 1309 2642 II
1339 2608 1418 2653 673,
1446 2607 1501 2642 22.
1533 2605 1851 2652 Carthaginensis

1140 2665 1345 2710 promissio
1376 2665 1452 2710 144,
1481 2665 1513 2700 5.
1646 2656 1651 2660 ⁴

342 2724 438 2760 deus
477 2729 536 2760 est
575 2723 612 2759 11
651 2725 731 2768 442,
767 2725 800 2759 3.
840 2734 944 2760 more
985 2734 1053 2759 suo
1093 2723 1385 2769 Carthago,
1448 2723 1588 2759 civitas
1636 2723 1765 2767 ampla
1814 2725 1851 2757 et

343 2782 545 2827 scriptura,
568 2786 611 2817 ut
633 2781 776 2817 Christi
799 2781 1054 2818 humilitatem

342 2840 465 2886 magis
509 2840 741 2885 ostenderet,
786 2849 939 2875 carnem
983 2849 1053 2885 pro
1073 2885 1075 2890 Α

1140 2781 1324 2826 inlustris,
1349 2781 1450 2817 fama
1475 2781 1723 2817 celeberrima
1746 2780 1851 2815 nobi-

1139 2839 1198 2884 lis,
1229 2840 1331 2875 unde
1366 2850 1405 2875 se
1441 2849 1509 2885 per
1542 2842 1665 2875 totum
1698 2838 1850 2875 Africae
