2078 3054
295 269 711 307 Colossensium

300 142 382 184 170

786 271 950 307 ecclesia
1022 270 1057 306 ΙΙ

342 329 421 373 401,
464 330 519 374 25,
562 330 766 375 episcopus
807 329 843 364 II
884 330 962 374 148,
1005 330 1060 374 10,

343 387 513 431 epistula.
546 387 582 422 II
619 387 698 432 732,
735 387 790 422 22.
826 388 905 432 734,
940 389 971 433 7,
1007 387 1057 423 ad

343 444 594 481 Colossenses
622 444 677 479 III
704 445 782 490 368,
811 445 866 481 23.

295 502 561 538 columba:
598 503 645 539 de
681 503 879 539 columbae
917 503 1057 548 specie,

970 157 1112 192 Index
1141 157 1185 192 V.

1143 272 1174 307 si
1208 272 1293 318 quis
1327 273 1376 308 ad
1410 284 1480 309 nos
1513 275 1664 311 veniret
1697 287 1855 312 venera-

1142 329 1207 365 bili
1240 329 1424 375 episcopo
1458 331 1614 368 Aurelio
1647 344 1724 370 non
1757 345 1856 369 com-

1141 387 1355 433 municans,
1398 400 1483 424 eum
1527 401 1597 426 nec
1638 392 1743 436 apud
1786 402 1855 427 nos

1143 454 1258 489 posse
1302 447 1585 484 communicare
1628 448 1664 483 II
1705 450 1783 494 230,
1824 450 1854 485 4.

1143 513 1178 538 v.
1205 503 1449 540 eucharistia.

341 571 440 606 quae
475 561 668 605 apparuit,
705 571 789 596 cum
825 561 932 597 Iesus
966 562 1058 605 bap·
1095 570 1114 595 c
1129 571 1151 596 o
1167 572 1202 596 m
1217 572 1253 597 m
1269 572 1293 596 u
1307 572 1332 596 n
1347 561 1359 596 i
1373 572 1393 597 c
1408 573 1430 597 a
1444 562 1521 598 tio
1549 574 1583 599 v.
1611 565 1855 601 eucharistia.

342 618 527 654 tizaretur
556 618 611 653 III
640 619 719 663 618,
752 619 899 664 1-620,
932 619 986 655 10.
1015 622 1058 654 ut
1095 629 1114 653 c
1129 628 1151 654 o
1166 630 1201 654 m
1217 630 1253 654 m
1269 630 1292 654 u
1307 630 1331 653 n
1347 619 1357 654 i
1373 630 1392 654 c
1407 624 1495 655 ato
1510 631 1527 655 r
1542 620 1553 656 i
1568 632 1590 656 a
1605 632 1625 657 e

342 676 493 712 sonitus
521 676 629 712 vocis
661 676 774 722 illius,
806 688 882 722 qua
912 677 1057 713 dictum

342 738 414 770 est:
466 734 534 770 ‘Tu
582 745 624 770 es
673 734 773 770 filius
824 735 956 781 meus‘,
1004 735 1058 770 ita

341 792 459 828 etiam
516 792 665 837 species
721 792 919 829 columbae
976 793 1057 828 sine

342 849 580 886 vivificantis
635 850 787 886 animae
841 851 1056 887 ministerio

343 908 426 944 fieri
453 912 607 953 poterat
637 908 692 943 ΙΙΙ
721 909 800 954 618,
832 909 884 945 13.
911 909 991 954 619,
1021 909 1056 953 5;

341 966 507 1002 fortasse
563 966 787 1012 angelorum
842 966 1057 1002 ministerio

341 1025 421 1069 619,
470 1025 523 1059 16.
572 1035 641 1061 nec
691 1035 783 1060 sane
830 1035 947 1060 sonus
994 1024 1057 1060 ille

341 1082 462 1127 vocis,
499 1084 564 1128 qui
600 1082 784 1118 continuo
820 1093 904 1119 esse
940 1082 1058 1119 desti-

341 1140 399 1185 tit,
442 1144 649 1185 coaptatus
690 1144 749 1176 est
789 1141 827 1176 in
869 1140 1056 1176 unitatem

342 1208 532 1243 personae
565 1199 689 1243 patris
719 1209 789 1235 nec
820 1199 886 1234 illa
917 1199 1058 1234 colum-

340 1257 412 1294 bae
445 1257 595 1301 species
628 1257 841 1301 corporalis
874 1260 1058 1302 coaptata

341 1319 400 1350 est
433 1315 471 1350 in
504 1315 692 1350 unitatem
726 1325 915 1360 personae
948 1315 1059 1359 spiri-

342 1377 404 1408 tus
424 1373 549 1408 sancti
571 1372 626 1407 III
646 1373 724 1417 616,
746 1373 802 1408 20.
823 1373 862 1408 in
881 1373 1057 1408 columba

343 1430 502 1474 spiritus
531 1435 688 1466 sanctus
715 1441 793 1467 non
822 1441 891 1467 sua
918 1434 1057 1466 nat-ura

342 1489 410 1524 sed
445 1488 706 1534 significativa
739 1489 868 1533 specie
902 1489 1058 1525 demon-

343 1550 488 1583 stratus
518 1551 578 1583 est-
609 1546 665 1581 111
694 1547 773 1592 620,
806 1547 860 1582 17.

295 1604 480 1640 Comes
528 1609 570 1641 ut
619 1604 761 1641 Eusebi
811 1605 857 1641 de
908 1604 1057 1645 cunctis

342 1663 580 1708 temporibus
603 1663 803 1699 historiam
824 1663 1058 1708 Carthagine

342 1721 590 1766 describeret,
631 1732 655 1757 a
694 1721 873 1767 Paulino,
898 1718 1058 1766 ro‘gatus

343 1784 412 1824 est,
447 1790 523 1825 quo
558 1779 755 1823 descripta
789 1779 839 1814 ad
874 1770 1056 1824 Alypium

342 1837 560 1873 mitteretur
587 1837 603 1872 Ι
630 1837 686 1882 75,
714 1838 744 1872 7.
772 1837 826 1873 18.
855 1836 955 1873 idem
983 1836 1057 1871 for-

343 1899 447 1931 tasse
490 1899 550 1931 est
590 1895 777 1931 diaconus
819 1894 968 1940 Comes,
1008 1893 1057 1930 ad

342 1964 455 1999 quern
488 1953 532 1989 A.
567 1953 675 1989 dedit
709 1963 768 1998 ep.
806 1953 872 1988 173
886 1952 930 1988 A.

295 2011 518 2047 comitis
566 2010 744 2047 officialis
791 2010 827 2045 II
875 2011 953 2055 661,
1002 2010 1057 2045 20.

343 2079 377 2105 v.
407 2069 597 2104 officialis.

296 2127 723 2162 communicare:
799 2127 860 2162 dei
936 2137 1061 2162 sacra-

342 2189 472 2221 menta
506 2185 685 2220 catholici
720 2195 805 2220 cum
841 2184 1058 2221 Donatistis

342 2243 639 2288 communicant,
699 2242 871 2286 peccatis
929 2246 1058 2277 tamen

342 2311 474 2337 eorum
509 2311 585 2336 non
622 2301 918 2345 communicant,
955 2299 1057 2345 quod

343 2370 420 2394 non
451 2359 492 2394 fit
522 2359 597 2394 nisi
627 2358 905 2394 consentiendo
936 2357 1058 2395 et'fa-

1703 622 1856 658 litterae

1144 687 1178 711 v.
1212 677 1451 723 Augustinus
1486 679 1537 724 (p.
1571 679 1638 715 135
1652 679 1702 724 b).
1734 680 1859 716 Dona-

1143 735 1270 771 tistae.
1302 735 1509 771 Romanus.

1093 802 1112 827 c
1127 802 1149 827 o
1164 803 1200 828 m
1215 803 1291 834 mbu
1306 793 1413 828 nio:
1435 795 1652 830 communio
1670 795 1855 831 malorum

1142 861 1219 886 non
1251 851 1419 887 maculat
1450 851 1617 898 aliquem
1650 853 1857 898 participa-

1141 908 1247 945 tione
1290 914 1620 946 sacramentorum
1661 911 1729 947 sed
1771 922 1858 947 con-

1144 966 1322 1002 sensione
1367 967 1556 1004 factorum
1600 968 1656 1003 III
1699 969 1777 1014 239,
1821 970 1856 1012 53

1144 1024 1191 1066 ct.
1226 1024 1263 1059 II
1298 1025 1377 1066 608,
1413 1025 1468 1061 27.
1502 1026 1582 1072 619,
1618 1027 1649 1062 7.
1685 1027 1764 1072 620,
1803 1027 1857 1063 13.

1144 1082 1320 1119 nolentes
1359 1083 1532 1129 reddere,
1571 1095 1667 1130 quos
1705 1089 1858 1121 constat

1144 1144 1182 1176 et
1208 1141 1307 1176 male
1335 1141 1540 1178 abstulisse
1568 1146 1617 1187 et,
1645 1143 1747 1179 unde
1775 1143 1858 1179 red-

1143 1198 1249 1243 dant,
1292 1198 1443 1244 habere,
1488 1199 1697 1245 aliquando
1741 1201 1856 1236 etiam

1143 1257 1267 1292 sancti
1304 1256 1439 1292 altaris
1478 1258 1746 1294 communione
1783 1259 1858 1302 pri-

1142 1319 1285 1350 vantur
1324 1314 1379 1349 ΙΙΙ
1416 1315 1496 1360 421,
1533 1316 1566 1351 3.
1606 1316 1654 1352 de
1692 1327 1856 1352 commu-

1143 1372 1257 1408 nione
1283 1373 1417 1408 altaris
1441 1373 1640 1409 cotidiana
1664 1374 1699 1409 II
1724 1374 1802 1419 162,
1825 1375 1857 1409 4.

1144 1440 1178 1465 v.
1206 1430 1451 1466 eucharistia.

1096 1487 1124 1523 C
1140 1498 1162 1523 o
1177 1499 1213 1522 m
1228 1499 1263 1523 m
1280 1499 1342 1523 un
1359 1488 1401 1524 is
1444 1490 1483 1524 in
1527 1489 1752 1535 Hieronymi
1798 1500 1857 1534 ep.

1144 1546 1287 1582 salutat
1318 1547 1360 1582 A.
1390 1546 1424 1581 II
1454 1547 1531 1592 243,
1563 1548 1616 1583 11.

1096 1613 1114 1638 c
1131 1614 1153 1639 ο
1167 1615 1204 1639 m
1219 1614 1240 1640 o
1256 1615 1275 1640 e
1292 1604 1398 1640 dia:
1425 1606 1462 1641 in
1487 1615 1728 1650 paganorum
1750 1606 1857 1642 libris

1143 1663 1354 1707 prudenter
1382 1663 1585 1699 disseritur
1613 1664 1717 1699 nullo
1743 1664 1857 1699 modo

1144 1721 1317 1764 potuisse
1351 1721 1582 1765 scriptiones
1615 1726 1651 1757 et
1685 1721 1858 1757 actiones

1143 1779 1264 1823 recipi
1298 1779 1594 1824 comoediarum,
1628 1779 1702 1814 nisi
1733 1790 1858 1815 mores

1143 1836 1413 1881 recipientium
1438 1842 1698 1873 consonarent
1720 1837 1755 1872 II
1779 1838 1858 1881 430,

1144 1895 1179 1939 83
1210 1894 1411 1939 turpitudo
1443 1895 1481 1930 in
1511 1895 1616 1931 cultu
1646 1906 1789 1940 eorum,
1821 1895 1858 1929 in

1145 1953 1292 1988 artibus
1321 1952 1499 1998 ludisque
1527 1952 1562 1987 II
1592 1954 1671 1998 430,
1701 1953 1756 1988 20.

1097 2020 1116 2045 c
1131 2020 1153 2045 o
1169 2021 1194 2044 n
1208 2020 1227 2045 c
1243 2021 1262 2046 e
1278 2019 1302 2055 p
1317 2010 1414 2045 tio:
1451 2011 1498 2046 de
1534 2011 1680 2046 carnali
1716 2010 1859 2046 Christi

1144 2069 1183 2104 in
1207 2069 1358 2115 virgine
1380 2069 1648 2113 conceptione:
1674 2069 1725 2104 ‘Si
1747 2068 1858 2112 ratio,

1144 2127 1268 2172 inquit
1313 2126 1369 2172 A„
1413 2127 1623 2172 quaeritur,
1665 2137 1741 2162 non
1786 2127 1858 2162 erit

1143 2184 1331 2228 mirabile3
1364 2186 1396 2221 si
1425 2184 1643 2229 exemplum
1675 2184 1858 2229 poscitur,

1144 2253 1221 2278 non
1255 2242 1327 2278 erit
1361 2241 1568 2287 singulare‘
1602 2242 1657 2276 III
1693 2242 1769 2287 107,
1805 2242 1857 2277 10.

1144 2300 1222 2345 517,
1257 2300 1289 2335 5.
1325 2300 1377 2335 16.
1411 2300 1489 2344 518,
1523 2301 1554 2344 7,
1587 2299 1634 2335 de
1665 2311 1741 2345 qua
1774 2310 1857 2335 sen-

1144 2358 1267 2393 tentia
1305 2358 1387 2403 agit
1422 2357 1594 2393 Evodius
1633 2367 1692 2402 ep.
1732 2357 1810 2392 161.

343 2417 471 2452 vendo
510 2416 546 2451 11
584 2417 663 2460 608,
702 2417 760 2459 273
801 2417 847 2458 cf.
884 2416 963 2461 620,
1005 2415 1057 2450 13.
1096 2415 1463 2451 conciliorum
1501 2415 1762 2460 plenariorum
1800 2418 1857 2450 est

344 2474 399 2509 III
451 2474 529 2518 239,
582 2475 613 2509 5.
678 2478 922 2509 sacramenta
972 2483 1078 2532 cuml

343 2533 612 2577 peccatoribus
637 2532 956 2573 communicando
980 2536 1079 2603 noni

344 2590 458 2635 periit
501 2590 665 2625 ecclesia
705 2601 828 2635 neque
870 2589 1078 2644 malorum]

345 2648 613 2683 communione
636 2647 765 2683 deleta
786 2651 844 2683 est
866 2647 902 2682 ΙΙ
923 2647 1002 2691 482,
1028 2647 1056 2682 1.
1075 2647 1078 2709 Ι

344 2706 423 2746 486,
452 2707 488 2749 3;
522 2707 568 2747 cf.
601 2706 679 2750 478,
712 2706 884 2751 25—480,
915 2706 946 2740 8.
978 2705 1079 2753 481,4

343 2764 470 2799 3—22.
510 2764 588 2808 485,
631 2764 802 2807 14-486,
846 2763 898 2798 12.
938 2762 1058 2798 mani-

346 2822 485 2857 festum
539 2826 609 2866 est,
661 2821 755 2857 dicit
806 2820 1058 2868 Augustinus,

1144 2473 1183 2508 in
1242 2473 1406 2509 ecclesia
1466 2472 1715 2508 saluberrima
1773 2482 1860 2507 auc-

1142 2531 1281 2566 toritas
1316 2530 1351 2565 II
1386 2531 1462 2575 159,
1501 2531 1554 2565 17.
1589 2535 1677 2575 post
1711 2530 1856 2575 episco-

1144 2598 1226 2634 pos,
1255 2589 1320 2634 qui
1347 2588 1492 2624 Rornae
1522 2589 1742 2624 iudicarunt
1770 2598 1855 2623 cau-

1144 2657 1224 2682 sam
1264 2646 1485 2690 Caeciliani,
1516 2647 1694 2682 restabat
1731 2645 1855 2681 adhuc

1143 2704 1357 2749 plena-rium
1411 2703 1596 2739 ecclesiae
1653 2703 1856 2738 universae

1145 2762 1348 2797 concilium
1388 2761 1424 2796 Π
1465 2762 1542 2806 101,
1585 2762 1638 2796 16.
1679 2761 1728 2796 ad
1769 2771 1855 2796 con-

1142 2820 1361 2857 vocandum
1433 2818 1636 2856 concilium
1712 2818 1855 2864 primas
