2078 3054
296 165 377 207 162

339 294 492 330 solitam
524 294 836 331 convenientiam
868 295 985 330 maris
1015 297 1054 330 et

339 352 504 403 feminae
551 353 703 389 venire‘
730 352 854 388 voluit
898 342 1073 388 carnem*

340 421 447 446 suam
488 410 664 446 Christus
705 411 773 446 sed
814 411 862 446 de
901 410 1073 456 virginei

338 469 433 503 nihil
461 468 538 505 tale
567 469 605 504 in
634 468 716 505 eius
745 473 936 513 conceptu
965 478 1073 504 con-¹

339 527 562 571 cupiscente
601 526 653 561 IV
691 526 769 571 108,
805 527 861 562 20.
899 526 953 562 sic
988 527 1073 562 ad-=

340 585 504 628 sumpsit
544 594 684 629 corpus
722 595 769 620 ex
808 585 972 630 virgine,
1010 588 1053 619 ut

339 642 656 678 inmortalitatem
684 653 792 678 suam
820 653 896 678 non
926 652 1053 678 corru-

338 701 450 746 perit,
484 705 525 736 ut
559 701 829 736 aeternitatem
863 711 941 736 non
973 711 1053 735 mu-

337 759 491 803 taverit,
528 763 570 794 ut
604 762 839 803 potestatem
875 769 952 794 non
985 759 1053 794 mi-

338 816 476 861 nuerit,
556 822 599 852 ut
676 816 1052 852 administrationem

338 875 470 910 mundi
497 885 573 910 non
600 874 826 919 deseruerit,
853 879 897 910 ut
920 885 944 910 a
967 875 1053 910 sinu

340 933 461 976 patris
485 943 561 967 non
584 933 789 969 recesserit
811 932 867 967 III
892 933 969 978 104,
994 933 1051 977 133

337 991 450 1026 homo
475 991 548 1026 deo
573 991 749 1036 accessit,
772 1001 851 1026 non
864 991 959 1026 deus
974 1001 1051 1026 ase

337 1049 498 1084 recessit
545 1050 621 1094 109,
671 1049 724 1084 13.
771 1049 918 1095 aliquid
967 1058 1052 1092 pro-

339 1107 463 1151 prium
505 1107 632 1143 facere
672 1107 814 1152 debuit,
856 1107 963 1142 nasci
1004 1107 1051 1142 de

337 1165 499 1210 virgine,
529 1176 553 1200 a
580 1165 743 1200 mortuis
771 1175 984 1210 resurgere,
1014 1165 1051 1199 in

338 1223 485 1259 caelum
528 1223 737 1259 ascendere
780 1222 835 1257 III
879 1223 955 1268 115,
997 1223 1051 1257 14.

337 1281 449 1316 homo
484 1282 531 1318 de
564 1281 716 1327 virgine
751 1286 977 1325 procreatus
1015 1285 1052 1316 et

336 1350 360 1374 a
402 1339 563 1374 mortuis
608 1340 646 1374 in
690 1343 887 1375 aeternam
930 1339 1051 1374 vitam

338 1397 590 1433 resuscitatus
653 1400 692 1433 et
752 1407 866 1442 super
927 1396 1055 1432 caelos

337 1455 532 1491 exaltatus
588 1455 786 1500 potent-ius
841 1465 938 1499 opus
994 1458 1052 1490 est

338 1513 502 1549 fortasse
538 1524 652 1559 quam
685 1513 851 1549 mundus
886 1512 940 1547 III
975 1512 1052 1558 116,

339 1572 392 1606 11.
452 1572 491 1607 in
550 1571 692 1607 Christi
750 1574 863 1617 partu
922 1571 1055 1606 demus

337 1630 451 1665 deum
489 1629 635 1675 aliquid
674 1639 801 1674 posse,
840 1629 943 1675 quod
982 1639 1052 1664 nos

338 1688 528 1723 fateamur
555 1688 792 1733 investigare
819 1698 896 1723 non
922 1697 1051 1733 posse,

339 1746 376 1781 in
406 1746 547 1782 talibus
577 1747 689 1782 rebus
718 1750 801 1781 tota
830 1745 929 1781 ratio
959 1745 1052 1780 facti

338 1809 396 1839 est
436 1804 613 1848 potentia
654 1804 833 1839 facientis
878 1803 932 1838 III
975 1804 1053 1847 107,

340 1863 393 1898 11.
421 1867 512 1898 tunc
540 1862 662 1897 voluit
691 1862 907 1897 hominibus
934 1871 1052 1905 appa-

338 1928 421 1956 rere
449 1920 624 1956 Christus
651 1924 688 1956 et
717 1920 821 1964 apud
850 1930 916 1954 eos
944 1929 1053 1964 prae-

337 1978 459 2013 dicari
492 1978 708 2014 doctrinam
743 1988 863 2022 suam,
898 1977 1052 2023 quando

339 2037 483 2072 sciebat
515 2041 550 2072 et
584 2036 647 2072 ubi
680 2036 827 2071 sciebat
858 2045 954 2080 esse,
987 2035 1052 2080 qui

339 2094 377 2129 in
405 2105 490 2130 eum
519 2094 669 2129 fuerant
699 2093 883 2129 credituri
910 2093 945 2127 II
973 2093 1051 2137 556,

340 2153 393 2187 15.
431 2164 453 2188 a
490 2152 695 2187 nativitate
733 2151 890 2196 domini,
928 2150 1053 2196 inquit

339 2210 394 2255 A.,
453 2210 566 2246 hodie
627 2214 900 2254 computantur
961 2205 1052 2243 anni

338 2268 456 2304 ferme
507 2267 781 2313 quadringenti
829 2267 980 2312 viginti,
1031 2276 1052 2300 a

339 2326 620 2362 resurrectione
657 2330 785 2361 autem
822 2325 885 2360 vel
922 2335 1053 2360 ascen-

340 2384 447 2420 sione
476 2384 558 2420 eius
589 2384 680 2419 anni
711 2383 798 2428 plus
826 2383 952 2418 minus
980 2386 1053 2418 tre-

339 2442 441 2477 centi
491 2442 706 2487 nonaginta
767 2441 819 2475 IV
868 2441 946 2485 260,
999 2440 1052 2474 14.

340 2499 533 2535 Christum
586 2504 747 2535 matrem
800 2498 978 2534 habuisse
1031 2508 1054 2532 a

339 2558 568 2603 quibusdam
614 2558 827 2602 negabatur
876 2556 928 2590 IV
973 2556 1053 2600 576,

342 2616 394 2651 14.
461 2616 498 2651 in
552 2615 747 2651 veteribus
801 2613 1053 2649 sacramentis

341 2673 581 2709 circumcisio
624 2672 872 2717 parvulorum
913 2676 1052 2707 octavo

341 2732 402 2767 die
431 2731 512 2767 fieri
541 2735 751 2775 praecepta
774 2734 844 2775 est,
873 2730 1052 2775 quoniam

340 2789 515 2824 Christus
570 2789 631 2824 die
685 2788 878 2823 dominico
931 2797 1054 2823 resur-

342 2848 451 2882 rexit.
493 2847 556 2892 qui
598 2853 680 2891 post
725 2847 928 2889 septimum
971 2838 1074 2896 sali-i

966 178 1109 216 Index
1137 178 1181 217 V.

1139 295 1219 331 bati
1243 300 1405 333 octavus
1430 303 1490 335 est
1511 299 1566 334 111
1589 288 1668 346 4632,
1694 301 1722 336 1.
1747 300 1853 336 ein-i-

1140 358 1221 389 stus
1249 354 1288 390 in
1316 365 1373 400 eo,
1402 358 1504 402 quod
1533 358 1753 402 baptizatus
1783 364 1853 404 est,

1139 416 1294 448 nostrae
1357 416 1663 459 regenerationis
1728 427 1854 453 sacra-

1142 474 1312 505 mentum
1358 482 1429 507 sua
1471 472 1687 510 humilitate
1732 475 1848 510 altius

1138 529 1424 565 commendavit
1459 530 1511 565 IV
1546 532 1623 577 108,
1660 533 1712 568 13.
1747 532 1852 568 Chri-

1139 589 1220 620 stus
1249 586 1288 621 in
1315 596 1429 623 carne
1455 589 1608 624 mortali
1638 590 1742 625 solus
1770 591 1851 626 sine

1139 648 1300 686 peccato
1327 644 1400 680 fuit
1427 645 1482 679 III
1508 646 1587 692 696,
1613 647 1671 692 213
1698 649 1744 689 cf.
1772 649 1851 692 538,

1138 701 1170 736 8.
1193 702 1272 746 539,
1296 702 1327 737 9.
1352 703 1398 741 de
1423 702 1566 739 Christi
1590 705 1719 741 anima
1743 711 1781 741 et
1803 707 1850 741 de

1138 759 1319 804 originali
1361 766 1522 804 peccato
1566 761 1621 796 III
1664 763 1744 808 538,
1784 765 1853 799 9-

1137 817 1216 862 539,
1252 818 1285 853 3.
1323 817 1465 854 Christi
1503 820 1670 855 animam
1706 821 1851 856 nullum

1138 885 1184 910 ex
1213 875 1336 911 Adam
1363 877 1529 913 traxisse
1556 882 1758 922 peccatum
1785 880 1852 914 du-

1137 933 1260 969 bitare
1291 933 1350 968 fas
1382 945 1458 970 non
1489 940 1547 970 est
1579 935 1632 970 IV
1663 936 1740 982 161,
1771 937 1805 972 5.

1183 990 1359 1027 Christus
1415 992 1528 1028 homo
1583 1004 1660 1028 non
1718 994 1851 1040 utique

1137 1052 1291 1084 terrena
1344 1049 1528 1086 felicitate
1583 1053 1852 1087 commendan-

1136 1106 1209 1141 dus
1254 1107 1326 1142 fuit
1374 1107 1429 1142 III
1476 1108 1554 1154 164,
1602 1109 1773 1155 16—165,
1822 1111 1851 1146 1.

1138 1165 1284 1208 paseha
1325 1175 1409 1201 cum
1450 1166 1663 1211 discipulis
1693 1168 1851 1204 mandu-

1137 1223 1241 1258 cavit
1279 1234 1325 1259 eo
1363 1224 1436 1269 die,
1476 1225 1540 1270 qui
1579 1225 1726 1269 primus
1764 1237 1851 1271 azy-

1136 1291 1284 1316 morum
1310 1281 1382 1317 fuit
1407 1293 1429 1317 a
1454 1292 1621 1326 vespera
1645 1283 1849 1328 incipiens,

1136 1338 1276 1375 deinde
1322 1340 1489 1375 tradit-us
1535 1345 1594 1376 est
1637 1352 1682 1376 ea
1727 1346 1851 1385 nocte,

1138 1407 1235 1442 quae
1284 1398 1359 1440 iam
1409 1398 1458 1433 ad
1507 1398 1607 1434 diem
1659 1399 1852 1443 passionis

1139 1455 1221 1490 eius
1264 1456 1484 1500 pertinebat
1526 1456 1561 1491 ΙΙ
1604 1457 1660 1503 59,
1702 1457 1852 1502 22-60,

1139 1513 1192 1548 16.
1237 1513 1275 1548 in
1323 1514 1409 1557 ipsa
1453 1514 1635 1559 passione
1681 1515 1853 1559 suscepit

1136 1581 1271 1606 vocem
1310 1571 1545 1608 infirmitatis
1582 1576 1749 1618 nostrae,
1786 1583 1853 1608 vo-

1138 1639 1218 1664 cem
1243 1629 1390 1665 scilicet
1410 1630 1584 1675 corporis
1607 1631 1677 1676 sui,
1700 1631 1771 1666 hoc
1793 1635 1852 1666 est

1138 1687 1324 1723 ecclesiae
1364 1698 1455 1723 suae
1495 1693 1534 1724 et
1571 1688 1683 1724 dixit:
1725 1688 1851 1733 ‘Deus,

1137 1745 1232 1781 deus
1267 1756 1386 1791 meus,
1420 1751 1463 1781 ut
1496 1746 1588 1792 quid
1622 1757 1681 1782 me
1716 1746 1850 1783 dereli-

1138 1803 1290 1848 quisti‘?‘
1319 1803 1374 1838 III
1400 1805 1477 1849 165,
1506 1805 1558 1840 19.
1587 1805 1664 1850 166,
1692 1804 1745 1840 19.
1774 1804 1849 1848 168,

1138 1862 1168 1896 7.
1196 1861 1431 1897 exclamans:
1462 1862 1587 1908 ‘Deus,
1611 1862 1707 1898 deus
1732 1872 1851 1906 meus,

1137 1923 1178 1954 ut
1211 1919 1304 1965 quid
1336 1931 1395 1955 me
1430 1920 1704 1966 dereliquisti?‘
1739 1920 1777 1955 in
1811 1929 1851 1955 se

1137 1976 1438 2022 transfigurabat
1464 1981 1654 2023 martyres
1681 1988 1770 2013 suos
1797 1977 1851 2012 III

1138 2035 1216 2079 178,
1256 2035 1310 2070 10.
1349 2036 1555 2071 derelictus
1593 2039 1652 2071 est
1690 2045 1765 2070 non
1805 2035 1853 2070 ad

1139 2092 1401 2136 insipientiam
1441 2094 1563 2138 nobis,
1606 2094 1674 2129 sed
1714 2098 1753 2128 ut
1794 2103 1851 2127 sa-

1138 2151 1289 2194 piamus
1325 2151 1379 2185 ΙΙΙ
1415 2152 1492 2195 179,
1526 2151 1654 2186 8-21;
1691 2152 1737 2193 ct.
1774 2151 1851 2194 169,

1139 2208 1193 2243 15.
1221 2209 1333 2243 homo
1362 2208 1536 2244 Christus
1564 2219 1648 2244 cum
1676 2209 1714 2244 in
1741 2218 1853 2243 cruce

1137 2266 1336 2311 penderet,
1374 2267 1585 2302 secundum
1622 2277 1775 2302 carnem
1813 2266 1851 2300 in

1138 2323 1327 2368 sepulcro,
1364 2325 1575 2360 secundum
1612 2324 1778 2359 animam
1813 2323 1851 2358 in

1138 2381 1288 2417 inferno
1321 2382 1472 2417 futurus
1505 2386 1602 2426 erat;
1633 2382 1727 2417 deus
1758 2391 1851 2417 vero

1138 2440 1238 2475 idem
1270 2440 1352 2484 ipse
1381 2439 1556 2475 Christus
1586 2440 1725 2485 ubique
1756 2449 1851 2474 sem-

1139 2507 1206 2541 per
1247 2502 1306 2532 est
1347 2497 1399 2531 IV
1440 2498 1495 2542 87,
1534 2498 1570 2535 4:
1611 2498 1658 2539 cs.
1700 2497 1755 2541 84,
1797 2497 1849 2531 13.

1139 2555 1326 2591 transitus
1353 2555 1400 2590 de
1425 2555 1496 2590 hac
1523 2555 1606 2590 vita
1632 2554 1784 2590 mortali
1812 2554 1850 2588 in

1138 2613 1252 2648 aliam
1301 2613 1422 2648 vitam
1476 2612 1728 2656 inmortalem,
1779 2611 1850 2646 hoc

1138 2675 1198 2706 est
1229 2671 1277 2707 de
1308 2675 1430 2707 morte
1461 2670 1509 2706 ad
1542 2665 1663 2705 vitam
1695 2669 1734 2704 in
1764 2679 1850 2714 pas-

1139 2729 1246 2764 sione
1272 2733 1308 2764 et
1336 2728 1375 2763 in
1401 2728 1681 2763 resurrectione
1708 2726 1850 2762 Christi

1139 2786 1429 2821 commendatur
1454 2785 1489 2820 11
1516 2786 1592 2829 171,
1619 2785 1675 2828 123
1702 2785 1748 2826 cs.
1773 2784 1850 2828 170,

1140 2845 1192 2880 19.
1239 2844 1316 2888 187,
1362 2843 1415 2878 16.
1462 2842 1636 2877 Christus
1680 2847 1846 2877 veterem
