2078 3054
865 136 1004 171 ludex
1033 136 1076 170 V.

194 253 493 297 Armenius,
526 251 818 288 Memlonitanus
851 260 953 296 pres-

241 312 361 356 byter.
408 312 514 347 euius
564 311 663 346 filius
711 309 833 345 Evodi
880 308 953 344 fuit

240 370 411 405 notarius
440 369 492 403 III
521 369 600 412 488,
630 368 684 403 19.

210 450 221 472 ·.
240 450 257 473 r
271 450 306 474 m
321 449 340 474 e
356 449 379 473 n
395 442 408 472 t
423 449 445 473 a
460 449 476 472 r
495 438 541 473 io
566 441 604 474 et
629 437 811 472 Paulinae
836 436 952 471 missa

238 500 297 532 est
326 496 489 541 epistula
520 496 600 539 127;
631 506 665 530 v.
695 495 866 530 Paulina.

192 566 412 601 Arriani
470 566 560 612 quid
617 564 848 600 crediderint
905 564 968 599 de.

238 625 408 659 trinitate
429 624 481 658 IV
500 624 579 667 557,
599 624 632 659 5.
654 623 753 658 inter
773 622 950 657 Arriano-

238 694 318 717 rum
366 686 404 718 et
451 682 738 717 Donatistarum
785 691 950 717 errorem

238 743 307 776 lioc
342 741 510 776 interest.
544 741 646 785 quod
678 740 731 774 illi
762 739 880 784 patris
913 742 950 775 et

238 800 302 834 filii
343 803 379 834 et
419 799 574 844 spiritus
614 798 736 833 sancti
776 798 967 834 diversas

238 857 472 892 substantias
506 867 589 892 esse
622 857 800 892 dicebant
833 856 885 891 IV
919 857 950 900 1,

236 917 267 950 7.
316 916 427 960 impie
474 915 757 951 contendebant
804 918 949 960 patrem

236 985 312 1009 non
345 974 523 1019 genuisse
558 974 607 1017 id.
641 974 742 1018 quod
777 977 835 1010 est
869 974 948 1018 ipse

237 1033 288 1066 III
309 1033 387 1068 626.
407 1033 442 1075 93
465 1043 541 1067 non
563 1032 840 1067 rationabiliter
862 1032 947 1067 ideo

237 1091 422 1135 putabant
458 1092 519 1126 dei
556 1091 675 1136 patris
713 1095 748 1126 et
785 1091 846 1126 dei
883 1091 948 1126 filii

236 1154 411 1184 naturam
434 1161 515 1184 esse
539 1150 743 1193 diversam,
765 1149 854 1194 quia
876 1150 965 1190 istej

238 1212 344 1252 pater
381 1212 438 1243 est
479 1208 539 1244 ille
577 1208 675 1243 filius
713 1208 792 1252 627,
831 1209 870 1243 11
911 1212 965 1260 et:

672 1277 748 1301 non
795 1270 852 1302 est
901 1267 965 1321 de,

237 1267 325 1311 quia
373 1271 480 1311 pater
529 1267 621 1302 deus

236 1325 355 1359 altero
382 1325 465 1359 deo.
493 1325 590 1360 tilius
617 1329 744 1360 autem
770 1326 863 1361 deus
890 1329 947 1361 est

235 1384 386 1428 quidem
425 1384 491 1418 sed
529 1385 576 1419 de
614 1388 719 1428 patre
759 1385 829 1420 deo
869 1385 964 1432 628„

236 1442 265 1475 1.
300 1441 490 1485 quondam
522 1442 700 1476 dixerunt
732 1442 850 1477 fuisse
882 1442 947 1477 ali-

234 1500 385 1543 quando
423 1504 568 1544 patrem
604 1501 684 1535 sine
720 1500 808 1545 filio,
844 1500 963 1545 quod*

235 1558 307 1591 iam
348 1568 412 1592 eos
452 1558 675 1593 emendasse
715 1559 863 1593 audivit
902 1559 945 1592 A.

234 1615 284 1648 lV
319 1615 398 1659 552.
432 1616 465 1650 9.
501 1619 649 1650 tantum
686 1616 798 1651 modo
834 1616 945 1651 deum

235 1676 379 1717 patrem
419 1674 659 1711 invisibilem.
698 1674 814 1710 filium
852 1685 944 1710 vero

233 1735 269 1765 et
323 1732 494 1776 spiritum
549 1738 721 1767 sanctum
775 1733 944 1769 visibiles

234 1789 416 1834 putabant
465 1791 516 1825 Ill
563 1791 641 1834 292,
687 1792 867 1836 22.,340,
911 1793 944 1827 9.

233 1848 347 1882 tilium
389 1849 448 1883 dei
490 1853 596 1892 patro
636 1850 820 1884 iuniorem
860 1861 961 1903 esse,

234 1905 431 1940 credebam
471 1906 502 1940 ll
534 1907 613 1949 699,
646 1908 699 1941 10.
733 1907 945 1951 peccabant

232 1963 266 1996 in
321 1963 491 2007 spiritum
547 1969 718 1999 sanctum
772 1966 943 2001 dicentes

232 2032 314 2055 eum
357 2032 438 2056 esse
477 2028 690 2058 creaturam
730 2024 779 2057 IV
817 2024 872 2067 42,
909 2025 942 2058 6.

232 2079 337 2114 multi
364 2081 471 2124 parvi
497 2092 632 2116 sensus
658 2082 829 2117 homines
854 2086 943 2117 sunt

231 2140 364 2174 delusi.
393 2145 432 2175 ut
462 2143 640 2184 putarent
666 2141 737 2175 hoc
766 2141 868 2175 credi
895 2141 943 2176 ab

231 2197 412 2234 Arrianis.
441 2199 542 2243 quod
571 2199 684 2233 etiam
715 2199 785 2243 ipsi
815 2200 942 2234 crede-

230 2255 319 2290 bant
357 2256 390 2290 II
425 2257 503 2300 476,
539 2257 594 2291 24.
631 2257 782 2291 Arriani
817 2257 941 2292 Dona-

231 2313 340 2348 tistas
396 2314 432 2348 in
487 2315 617 2350 Africa
671 2315 741 2350 sibi
795 2316 941 2350 sociare

230 2375 512 2416 temptaverunt
542 2373 576 2407 II
606 2374 682 2416 114,
709 2374 742 2408 9.
770 2374 959 2408 nonnulli*

233 2429 460 2466 Donatistae
514 2432 688 2467 volentes
746 2432 816 2466 sibi
871 2431 938 2466 Ar-

231 2488 356 2522 rianos
380 2489 582 2525 conciliare
606 2490 782 2524 dicebant
808 2491 876 2526 llOC
900 2501 940 2525 se

230 2545 394 2580 credere.
432 2547 533 2590 quod
571 2550 609 2581 et-
646 2547 698 2581 illi
736 2547 941 2582 eredebant

233 2603 284 2636 IV
338 2604 369 2638 2.
425 2604 455 2637 1.
510 2605 696 2639 Atlianasi
753 2605 938 2641 adversus

232 2661 412 2696 Arrianos
477 2663 746 2697 acerrimarum
812 2664 939 2708 dispu-

230 2720 414 2754 tationum
460 2721 659 2756 conflictus
705 2722 860 2757 eminuit
906 2722 939 2757 ΙΙ

231 2778 307 2821 114.
331 2779 386 2820 13;
411 2779 456 2820 cf.
480 2779 531 2813 III
553 2780 632 2822 340,
654 2782 685 2815 8.
711 2780 761 2814 IV
783 2780 861 2824 492,
884 2782 938 2816 14.

1665 125 1744 166 133

1030 251 1232 287 concilium
1255 250 1477 287 Serdicense
1500 252 1744 288 Arrianorum

1034 309 1152 345 fuisse
1181 310 1218 344 in
1248 310 1378 344 Africa
1406 310 1579 345 constitit
1606 311 1641 345 ΙΙ
1669 312 1745 346 114.

1034 369 1087 402 17.
1122 368 1307 404 Dioscoro
1342 368 1474 403 scribit
1496 368 1745 413 'Augustinus

1032 426 1080 460 ad
1120 427 1367 461 Arrianorum
1405 437 1541 471 greges
1580 428 1745 462 turbam-

1032 495 1106 528 que
1136 495 1221 519 eum
1253 488 1456 520 venturum
1487 496 1570 521 esse
1602 486 1635 520 II
1665 487 1744 521 676.

1032 542 1087 577 24.
1121 543 1271 578 Arriani
1301 543 1350 578 ad
1383 543 1583 580 ecclesiam
1616 545 1743 580 catho-

1031 601 1142 636 licam
1176 602 1378 637 redeuntes
1412 603 1449 637 in
1484 602 1561 637 suis
1595 604 1744 638 honori-

1031 659 1100 694 bus
1129 660 1297 704 suscepti
1322 664 1411 695 sunt
1438 660 1488 695 IV
1513 662 1569 705 40,
1596 661 1650 696 26.

985 723 1251 764 Arrianus
1287 725 1501 759 haereticus
1538 726 1589 760 IV
1622 725 1678 770 42,
1712 728 1742 759 6.

965 792 968 808 ·
1030 781 1109 825 492,
1145 782 1198 815 14.
1233 792 1422 817 venenum
1457 783 1659 818 Arrianum
1692 783 1742 817 IV

1031 840 1086 883 40,
1115 839 1170 874 26.

985 903 1176 938 Arrius
1200 904 1252 938 IV
1276 905 1354 948 535,
1380 906 1411 939 7.
1438 906 1491 940 13.
1517 905 1742 941 Pascentius

1034 962 1297 997 anathemavit
1340 963 1491 998 Arrium
1535 967 1573 998 et
1615 963 1738 999 Euno-

1030 1021 1144 1054 mium
1172 1020 1223 1055 IV
1249 1022 1328 1064 535,
1357 1021 1410 1056 10.

964 1084 1243 1130 }211·z11ges,
1288 1086 1389 1129 quod
1441 1086 1621 1131 scriptum
1669 1091 1740 1121 est:

1030 1143 1110 1178 ‘Ubi
1152 1143 1268 1178 cubas
1311 1144 1347 1177 in
1390 1144 1579 1179 meridie?⁴
1621 1145 1741 1188 magis

1028 1201 1075 1235 ad
1103 1211 1142 1236 se
1169 1201 1357 1245 pertinere
1385 1205 1559 1246 poterant
1587 1206 1741 1237 conten-

1028 1260 1116 1294 dere
1159 1271 1271 1304 quam
1315 1261 1363 1294 ad
1407 1260 1664 1304 Tripolitanos
1708 1261 1741 1295 ll

1027 1318 1106 1361 469,
1139 1318 1194 1359 Q).
1228 1318 1265 1352 in
1298 1318 1511 1362 Arzugibus
1544 1320 1740 1354 decurioni

1027 1376 1089 1410 vel
1119 1375 1270 1410 tribuno
1303 1376 1475 1411 solebant
1506 1378 1629 1413 iurare
1659 1378 1740 1412 bar-

1028 1433 1107 1468 bari
1139 1444 1205 1478 per
1237 1435 1442 1470 daemones
1476 1446 1564 1471 ¹suos
1596 1436 1627 1470 ll
1663 1437 1739 1473 123.

1029 1492 1084 1526 15:
1111 1492 1157 1532 cf.
1187 1492 1263 1528 125.
1290 1492 1344 1527 23.

979 1554 1011 1588 A
1028 1565 1044 1589 s
1060 1555 1261 1590 ellicus
1297 1557 1511 1601 episcopus.
1546 1558 1594 1593 ad
1628 1569 1739 1602 quem

1027 1614 1169 1658 scripta
1198 1618 1255 1649 est
1287 1615 1452 1659 epistula
1484 1616 1559 1652 196.
1590 1616 1737 1652 litteras

1027 1672 1128 1707 misit
1151 1673 1197 1707 ad
1223 1673 1479 1708 Donatianum
1505 1675 1550 1709 de
1575 1676 1737 1710 cavendi

1026 1730 1205 1766 Iudaismi
1232 1732 1511 1776 disceptatione
1537 1733 1589 1767 IV
1613 1733 1690 1768 216.
1706 1734 1737 1768 6.

980 1788 1200 1824 Asellus
1231 1790 1427 1830 diaconus.
1458 1802 1523 1835 per
1552 1803 1662 1836 quem
1692 1792 1736 1826 A.

1026 1846 1226 1890 epistulam
1255 1847 1320 1881 162
1347 1848 1395 1883 ad
1422 1848 1610 1883 Evodium
1636 1850 1737 1884 misit

1025 1904 1077 1938 Ill
1103 1904 1183 1940 541.
1210 1907 1242 1940 3.

979 1962 1106 1996 Asia
1136 1968 1250 2007 atque
1280 1964 1430 2008 Europa
1463 1965 1589 2000 Helles
1620 1970 1736 2010 ponto

1024 2019 1238 2055 disiunctae
1282 2022 1295 2055 I
1335 2023 1391 2056 93.
1433 2022 1487 2056 24.
1531 2029 1735 2068 praecepta

1024 2079 1095 2113 toti
1117 2078 1197 2114 orbi
1219 2084 1342 2115 terrae
1363 2080 1547 2115 divinitus
1568 2086 1735 2116 ostensa.

1024 2136 1242 2181 priusquam
1288 2148 1425 2173 nomen
1471 2143 1537 2174 aut
1584 2140 1734 2184 Europa

1023 2199 1175 2239 caperet
1216 2200 1281 2230 aut
1321 2197 1412 2231 Asia
1452 2198 1643 2242 acciperet
1683 2198 1733 2232 lv

1022 2253 1100 2288 519.
1127 2255 1180 2288 17.
1205 2254 1345 2289 Paulus
1369 2266 1434 2299 per
1459 2260 1579 2290 totam
1604 2257 1732 2291 Asiam

1023 2312 1263 2355 evangelium
1305 2314 1541 2357 praedicavit
1581 2314 1614 2348 Il
1657 2315 1733 2349 141.

1024 2370 1076 2404 13.
1117 2370 1328 2405 Caelestius
1368 2372 1416 2406 ad
1456 2372 1732 2416 presbyterium

1024 2427 1059 2460 in
1103 2428 1193 2462 Asia
1236 2429 1374 2463 dicitur
1418 2431 1638 2474 pervenisse
1681 2431 1731 2465 lll

1021 2486 1099 2521 667.
1125 2487 1155 2520 6.

976 2546 1214 2581 Asianae
1247 2547 1466 2591 provinciae
1500 2547 1533 2581 11
1564 2548 1643 2591 477,
1677 2548 1730 2582 18.

973 2603 1228 2639 Asiarchae
1261 2604 1462 2649 epistulam
1493 2606 1730 2651 Augustinus

1021 2662 1121 2696 misit
1149 2663 1196 2697 ad
1227 2663 1404 2707 Alypium
1434 2664 1448 2698 1
1477 2664 1554 2707 122,
1581 2664 1635 2699 23.

956 2720 1004 2753 ἸΑ.
1022 2732 1037 2752 s
1054 2720 1061 2754 i
1079 2726 1123 2755 at
1145 2722 1153 2754 i
1170 2732 1188 2755 c
1206 2732 1227 2755 u
1244 2731 1259 2752 s
1309 2721 1510 2765 episcopus
1559 2723 1595 2756 in
1643 2733 1728 2758 con<

1021 2779 1106 2814 cilio
1134 2779 1351 2815 Milevitano
1375 2780 1499 2816 adfuit
1522 2781 1571 2815 Ill
1596 2782 1674 2825 664,
1699 2782 1727 2816 1.
