2078 3054
307 119 388 165 142

349 256 381 290 8.
410 255 462 288 lV
489 254 568 292 477.
597 252 650 288 12.
678 251 793 289 libros
822 253 879 288 ‘de
907 253 1083 316 musica‘j

349 323 424 357 quo
451 312 524 347 fine
552 311 717 358 scribere
742 311 963 355 instituerit,
990 317 1083 355 quo>

350 371 462 406 modo
491 369 725 415 disposuerit
752 372 825 407 etc,
854 369 888 403 II
915 368 994 412 541,
1023 368 1066 403 18

347 429 475 471 -543,
522 429 552 462 1.
598 428 678 470 543,
723 428 776 461 14.
823 436 889 461 eos
933 426 1065 461 laudat

348 486 582 521 Volusianus
619 485 671 519 III
705 486 761 528 90,
795 483 1065 528 8.,‘expositio

348 544 587 588 quarundam
611 542 915 588 propositionum
938 552 984 577 ex
1007 552 1065 586 ep.

348 602 401 649 ad
430 601 551 636 Βοῐη.ί
584 601 631 641 Cf·
665 600 716 634 IV
749 600 827 643 471,
862 600 916 634 11.
948 599 1065 634 libros

349 659 407 694 ‘de
459 659 623 694 diversis
675 657 966 703 quaestionibus
1016 657 1065 692 ad

349 715 647 761 Simplicianum‘
685 716 925 760 conscriptos
963 715 1067 750 misit

347 775 482 814 addita
519 785 578 819 ep.
616 775 673 809 37.
713 773 809 809 Gaio
848 773 1065 809 Confessio-

347 844 437 867 num
482 832 599 867 libros
643 831 878 867 desideranti
923 840 1065 865 morem

348 891 470 936 gessit
491 890 543 924 IV
563 890 644 934 502,
666 890 721 924 14.
741 890 821 934 508,
842 889 897 924 27.
919 889 1064 934 pericu-

346 948 623 984 losissimarum
652 947 921 992 quaestionum
948 946 1065 981 libros

348 1007 406 1041 ‘de
436 1006 580 1051 genesi‘
612 1010 650 1040 et
682 1005 740 1040 ‘de
771 1005 954 1039 trinitate‘
985 1004 1065 1039 diu-

348 1063 424 1099 tius
456 1062 623 1107 tenebat,
653 1073 700 1098 ne
731 1062 930 1107 praecipiti
961 1061 1065 1108 festi-

347 1122 504 1157 natione
555 1121 810 1156 inconsultius
862 1121 1066 1156 ederentur

348 1180 401 1214 III
434 1179 513 1223 254,
546 1180 579 1214 6.
614 1189 680 1214 eos
713 1178 881 1214 nondum
915 1188 955 1213 se
990 1178 1065 1213 edi-

347 1238 450 1273 disse
486 1237 580 1272 dicit
616 1237 669 1271 111
703 1237 783 1281 513,
818 1236 850 1271 2.
886 1236 1065 1271 duodeci-

349 1306 450 1330 mum
475 1295 533 1330 ‘de
555 1295 699 1340 genesi‘
722 1294 858 1329 librum
880 1299 1065 1329 memorat

349 1353 402 1388 III
424 1353 503 1397 499,
526 1354 581 1388 17.
603 1352 719 1388 libros
742 1352 800 1387 ‘de
822 1352 1005 1387 trinitate‘
1028 1351 1065 1385 in

349 1414 523 1449 manibus
564 1413 678 1448 habet
719 1417 757 1449 et
797 1416 951 1457 propter
990 1423 1066 1447 ma-

347 1474 588 1520 gnitudinem
628 1478 706 1508 tam
744 1472 912 1508 difficilis
953 1482 1066 1517 quae-

349 1534 484 1569 stionis
515 1534 684 1570 nondum
715 1537 843 1578 potest
875 1532 1065 1577 explicare

349 1595 383 1629 11
410 1595 490 1638 715,
518 1595 572 1629 19.
600 1604 695 1639 quos
724 1594 790 1629 diu
817 1603 857 1628 se
884 1593 922 1628 in
949 1593 1065 1627 mani-

347 1655 418 1690 bus
466 1664 623 1690 versare
671 1654 917 1698 nondumque
967 1663 1065 1688 com-

349 1714 527 1760 plevisse,
575 1714 686 1749 nimis
735 1714 834 1750 enim
872 1722 1066 1758 ,operosos

348 1786 433 1811 esse
464 1779 503 1810 et
532 1785 555 1810 a
587 1774 720 1819 paucis
751 1773 922 1819 intellegi
952 1783 1066 1818 posse

348 1834 557 1870 arbitratur
582 1835 635 1869 III
659 1834 739 1878 612,
764 1835 796 1869 6.
823 1844 889 1869 eos
915 1833 1065 1868 iuvenis

349 1895 559 1939 inchoavit,
595 1905 711 1930 senex
746 1894 865 1929 edidit
900 1893 953 1928 III
986 1893 1066 1937 650,

349 1957 403 1991 15.
443 1966 539 2000 quos
578 1959 784 1999 antequam
822 1953 1066 1996 absolvisset,

348 2020 390 2051 ut
425 2016 593 2052 editione
625 2015 732 2060 digni
765 2015 999 2058 viderentur,
1032 2014 1066 2048 ei

349 2076 521 2121 subrepti
549 2080 637 2111 sunt
662 2075 716 2110 III
740 2075 821 2119 650,
847 2075 902 2109 17.
927 2075 1007 2118 651,
1033 2075 1065 2108 4.

347 2137 573 2187 terminatos
644 2140 760 2180 atque
830 2134 1066 2177 emendatos,

349 2207 426 2232 non
453 2200 495 2232 ut
524 2196 659 2240 voluit,
689 2196 756 2231 sed
785 2199 826 2230 ut
854 2194 991 2240 potuit,
1018 2204 1065 2229 ne

349 2257 397 2292 ab
444 2257 530 2300 illis,
577 2256 642 2301 qui
690 2256 861 2301 subrepti
907 2255 980 2290 iam
1028 2254 1065 2289 in

347 2328 482 2352 manus
513 2316 708 2352 hominum
740 2317 923 2359 exierant,
953 2315 1066 2360 pluri-

349 2387 450 2412 mum
505 2377 780 2421 discreparent,
835 2375 938 2420 quod
993 2375 1066 2409 nisi

348 2437 498 2481 fuisset,
527 2437 646 2472 multo
677 2436 920 2471 enodatiores
951 2438 1066 2479 atque

349 2498 542 2542 planiores
579 2507 645 2532 eos
683 2496 878 2540 edidisset,
914 2495 1066 2530 adiecta

350 2558 514 2602 epistula
547 2558 624 2596 174,
655 2568 768 2602 quam
799 2557 853 2592 eis
883 2554 1066 2601 praeponi

351 2618 467 2653 iubet.
517 2618 565 2652 ad
616 2617 811 2652 Aurelium
862 2616 965 2651 misit
1014 2615 1066 2650 III

350 2679 430 2721 651,
462 2679 494 2713 8.
527 2678 571 2712 A.
606 2678 700 2712 fides
731 2678 777 2712 de
811 2677 982 2711 trinitate
1015 2675 1083 2710 IVi

350 2739 430 2781 540,
457 2740 488 2772 4.
514 2738 594 2777 558,
622 2738 675 2772 15.
703 2737 751 2772 ad
778 2736 894 2772 libros
921 2737 1067 2771 ‘contra

351 2799 546 2833 Faustum‘
600 2798 710 2842 longe
762 2801 850 2832 ante
903 2796 1067 2841 scriptos

975 132 1116 173 Index
1144 134 1189 172 V.

1147 252 1422 298 Hieronymum
1451 252 1604 299 delegat
1634 253 1669 289 ΙΙ
1697 254 1777 299 368,
1808 254 1862 291 13.

1147 310 1312 346 dietavit
1359 311 1473 346 trium
1522 312 1753 357 psalmorum
1802 324 1863 348 ex-

1147 369 1392 414 positionem,
1474 369 1646 415 LXVIII,
1728 370 1860 414 LXXI,

1147 426 1338 470 LXXV11;
1371 427 1507 472 reliqui
1538 429 1786 464 vehementer
1817 428 1864 463 ab

1148 495 1193 520 eo
1253 484 1526 530 flagitabantur
1584 486 1637 520 III
1694 487 1773 531 612,
1832 487 1863 521 1.

1148 542 1335 587 psalmum
1369 542 1509 577 LXXII
1542 547 1669 588 nocte,
1702 554 1778 589 qua
1811 544 1863 579 in-

1145 600 1366 636 lucescebat
1401 601 1638 637 sollemnitas
1671 601 1864 647 Cypriani,

1149 659 1327 703 exposuit
1366 659 1419 693 III
1462 659 1540 703 165,
1559 659 1636 694 “12.
1677 660 1722 694 A.
1764 670 1863 695 com-

1148 717 1355 752 mentarios
1382 717 1421 752 in
1447 717 1615 762 psalmos
1642 728 1665 753 a
1689 721 1863 753 veterum

1145 773 1377 810 Graecorum
1393 775 1774 819 interpretationibus
1789 775 1863 811 dis—

1148 843 1303 877 crepare
1338 832 1392 867 ait
1426 832 1683 877 Hieronymus
1717 833 1752 868 II
1785 832 1864 877 262,

1147 891 1183 932 43
1232 890 1278 931 cf.
1323 891 1404 934 318,
1450 890 1601 934 6—-319,
1647 891 1680 925 4.
1725 890 1864 935 psalte-

1148 948 1244 983 rium
1285 948 1330 982 A.
1373 959 1413 983 se
1455 958 1532 983 non
1573 948 1864 993 interpret-atum

1147 1017 1232 1042 esse
1265 1006 1370 1051 dicit,
1403 1006 1470 1041 sed
1504 1006 1680 1041 codicum
1713 1006 1865 1042 Latino-

1148 1076 1229 1100 rum
1265 1064 1468 1100 nonnullas
1505 1064 1782 1100 mendositates
1819 1075 1864 1100 ex

1148 1122 1305 1158 Graecis
1383 1122 1663 1167 exemplaribus
1741 1133 1864 1158 emen—

1148 1181 1260 1216 dasse
1312 1181 1364 1215 IV
1413 1181 1492 1225 620,
1542 1181 1576 1215 6.
1628 1181 1864 1216 ‘Breviculus

1146 1243 1342 1284 gestorum
1389 1238 1619 1274 conlationis
1668 1238 1865 1284 Carthagi-

1148 1297 1289 1332 nensis‘
1341 1297 1435 1332 satis
1486 1306 1672 1341 operosus
1723 1296 1864 1331 nullam

1147 1355 1370 1391 dilationem
1405 1354 1564 1399 ferebat,
1597 1365 1683 1389 cum
1716 1355 1864 1390 videret

1148 1413 1336 1449 neminem
1374 1424 1413 1448 se
1450 1413 1549 1448 velle
1586 1416 1695 1448 tanto
1733 1413 1865 1458 aggeri

1147 1471 1361 1506 litterarum
1411 1471 1574 1516 legendo
1621 1470 1866 1518 'committere

1149 1529 1202 1563 111
1237 1529 1315 1573 152,
1350 1529 1408 1572 203
1445 1529 1491 1571 cf.
1528 1529 1580 1563 IV
1613 1529 1646 1573 6,
1682 1529 1714 1563 1.
1748 1527 1864 1563 libros

1149 1588 1207 1623 ‘de
1233 1591 1479 1632 peccatorum
1504 1587 1649 1622 meritis
1675 1591 1713 1622 et
1736 1586 1865 1622 remis-

1149 1648 1257 1683 sione
1318 1651 1356 1683 et
1418 1647 1466 1683 de
1528 1647 1719 1692 baptismo
1782 1657 1865 1692 par-

1148 1709 1337 1744 vulorum‘
1360 1706 1634 1744 commemorat
1656 1708 1708 1743 IV
1731 1708 1810 1752 172,
1833 1708 1864 1742 1.

1149 1768 1270 1813 prima
1294 1767 1481 1803 'librorum
1514 1767 1572 1802 ‘de
1603 1767 1762 1802 civitate
1793 1766 1864 1802 dei·

1148 1828 1316 1873 vestigia
1349 1828 1402 1862 III
1434 1828 1491 1872 96,
1526 1828 1651 1863 1—10.
1686 1827 1765 1871 126,
1798 1828 1866 1862 7—

1150 1889 1228 1933 127,
1256 1890 1288 1924 6.
1318 1889 1396 1933 148,
1422 1889 1526 1923 6-8.
1552 1888 1634 1932 331,
1662 1889 1716 1923 10.
1744 1887 1865 1923 Mace-

1149 1948 1304 1983 donium
1330 1949 1379 1983 ad
1405 1948 1566 1994 primum
1590 1947 1726 1982 librum
1751 1948 1863 1983 trium

1148 2008 1309 2053 illorum,
1341 2019 1437 2053 quos
1471 2008 1752 2043 studiosissime
1784 2018 1865 2052 per-

1148 2069 1316 2114 legisset,
1353 2069 1398 2103 A:
1434 2072 1593 2104 revocat
1629 2068 1682 2102 III
1717 2068 1796 2112 432,
1832 2069 1863 2103 8.

1148 2139 1244 2174 quos
1287 2129 1521 2178 libros-iam
1565 2128 1783 2173 scripsisset
1827 2133 1864 2165 et

1148 2200 1244 2234 quos
1292 2190 1473 2234 deinceps
1522 2189 1745 2224 scribendos
1793 2188 1864 2223 sibi

1147 2250 1423 2294 proposuisset,
1458 2260 1543 2284 cum
1579 2249 1729 2284 Evodio
1764 2258 1864 2283 com-

1148 2310 1317 2345 municat
1357 2309 1527 2353 III.611,
1568 2310 1693 2344 7-18,
1732 2309 1863 2344 decem

1148 2370 1274 2415 priora
1314 2370 1509 2404 volumina
1549 2380 1625 2404 non
1664 2379 1784 2414 parva
1823 2378 1863 2403 se

1150 2430 1364 2465 confecisse
1407 2430 1514 2472 dicit3
1559 2433 1773 2465 ceterorum
1815 2428 1862 2463 ab

1150 2490 1349 2525 undecimo
1395 2494 1472 2525 tres
1518 2489 1592 2524 iam
1638 2489 1863 2532 absolvisse,

1148 2555 1324 2595 quartum
1360 2551 1397 2585 in
1430 2550 1605 2584 manibus
1638 2549 1778 2585 habere
1811 2549 1863 2583 lll

1148 2612 1227 2656 735,
1255 2611 1383 2646 3—-27,
1413 2610 1603 2645 Timasius
1635 2613 1673 2645 et
1702 2609 1863 2644 Iacobus

1149 2682 1206 2716 ep.
1250 2672 1316 2706 168
1357 2671 1501 2716 gratias
1542 2666 1663 2715 agunt
1702 2672 1863 2714 accepto

1148 2730 1243 2767 libro
1284 2731 1340 2766 ‘de
1378 2735 1515 2765 natura
1553 2734 1591 2766 et
1627 2729 1779 2775 gratia‘,
1817 2729 1863 2763 de

1150 2793 1257 2827 ouius
1298 2791 1381 2826 libri
1421 2791 1567 2835 origine
1607 2792 1653 2833 cf.
1694 2789 1746 2826 III
1785 2789 1863 2829 675,
