2078 3054
268 135 349 176 288

936 147 1079 183 Index
1105 146 1149 182 V.

314 273 395 296 rum
437 261 553 306 igitur
595 270 762 296 errorem
804 259 919 304 cadit,
960 259 1048 304 qui·
1101 260 1271 296 tionibus
1311 259 1493 305 fidelium,
1532 271 1628 306 quas
1668 265 1706 297 et
1745 270 1815 305 pro

313 323 422 363 putat
466 318 676 354 secundum
717 317 846 362 aliqua
889 316 1026 352 merita

312 377 478 411 humana
509 376 593 411 dari
625 375 790 421 gratiam
822 375 896 419 dei,
927 384 1025 420 quae

313 435 395 469 sola
422 434 613 469 hominem
641 433 779 468 liberat
807 443 874 477 per
900 432 1025 468 Iesum

312 492 505 527 Christum
534 491 585 525 IV
610 491 688 535 388,
715 491 747 526 2.
773 500 1025 535 personarum

312 554 555 594 acceptorem
608 549 721 584 deum
776 559 815 585 se
869 548 1026 584 credere

312 608 599 651 existimabant,
635 607 668 642 si
705 606 908 642 crederent
944 606 1026 641 sine

312 666 399 700 ullis
478 665 802 710 praecedentibus
878 664 1026 700 meritis

311 723 437 768 deum,
469 723 578 758 cuius
608 723 737 768 vellet,
768 722 943 758 misereri
974 722 1026 757 IV

316 782 392 827 178,
417 782 473 825 143
497 781 544 822 cf.
567 781 646 826 200,
671 781 724 816 13.
747 780 825 826 201,
851 780 904 816 18.
927 779 1026 815 filios

312 840 374 875 dei
403 849 479 874 non
506 848 621 883 posse
648 839 794 884 vocari,
821 838 896 874 nisi
923 838 1027 874 omni

313 898 426 933 modo
470 898 614 943 absque
659 901 820 942 peccato
862 896 1028 932 fuissent

313 955 442 991 effecti
470 955 521 990 IV
550 955 605 1001 71,
632 955 689 999 143
718 955 765 997 cs.
793 953 848 989 III
876 954 955 999 686,
985 954 1026 989 17

312 1014 439 1048 ψ687,
480 1014 512 1048 9.
556 1023 669 1058 posse
713 1012 904 1048 hominem
945 1022 1030 1047 esse

313 1071 395 1107 sine
444 1076 605 1116 peccato
652 1076 691 1107 et
736 1070 920 1106 mandata
966 1069 1029 1105 dei

314 1129 425 1165 facile
473 1129 682 1175 custodire,
728 1129 760 1164 si
808 1128 928 1164 vellet
974 1127 1028 1162 III

314 1188 392 1232 448,
438 1188 480 1221 12
521 1187 643 1231 (Hit).
685 1187 765 1231 685,
806 1186 955 1231 6—688,
995 1187 1027 1220 4.

313 1246 393 1290 695,
423 1245 476 1280 18.
504 1245 563 1289 27;
593 1245 640 1286 cf.
669 1244 721 1279 IV
749 1245 805 1290 74,
834 1244 982 1289 10—75,
1008 1244 1028 1278 7

314 1309 351 1339 et
391 1314 431 1339 re
469 1314 564 1339 vera
603 1302 701 1338 tales
741 1302 861 1338 fuisse
903 1301 1028 1338 videri

315 1361 422 1397 velut
462 1361 558 1397 Abel
600 1360 655 1395 III
694 1361 773 1406 695,
815 1360 870 1396 29.
925 1359 1028 1406 quod

314 1431 398 1455 cum
430 1419 576 1455 diceret
606 1418 799 1464 Pelagius,
827 1429 925 1464 quae
954 1418 1029 1453 tria

313 1477 537 1513 testimonia
562 1477 938 1522 Hierosolymitanae
965 1487 1030 1512 an-

314 1536 425 1571 tistes
470 1535 657 1571 ecclesiae
702 1534 777 1579 ipsi
824 1545 863 1570 se
910 1544 1030 1579 oppo-

314 1594 436 1629 suisse
472 1593 856 1629 commemoravisset
889 1592 940 1627 IV
975 1593 1030 1637 75,

313 1653 344 1687 9.
381 1651 585 1687 victoriam
623 1655 796 1686 nostram
833 1651 888 1686 ait
922 1650 1030 1686 Pela-

313 1710 400 1755 gius
433 1720 510 1745 non
543 1720 590 1745 ex
623 1709 686 1745 dei
717 1719 801 1745 esse
835 1708 1029 1744 adiutorio

316 1768 382 1804 sed
409 1778 456 1804 ex
481 1767 603 1803 libero
627 1767 787 1803 arbitrio
815 1766 867 1801 IV
893 1767 949 1811 71,
975 1766 1029 1801 17.

316 1836 391 1861 non
435 1836 519 1862 esse
562 1826 777 1871 rogandum
819 1815 945 1869 deum,
988 1829 1029 1859 ut

315 1889 450 1919 contra
480 1884 630 1928 peccati
656 1883 801 1920 malum
834 1887 950 1928 atque
981 1882 1030 1918 ad

316 1942 553 1986 operandam
596 1941 783 1976 iustitiam
822 1944 927 1976 esset
965 1950 1030 1975 no-

316 2004 393 2035 ster
428 1999 582 2035 adiutor
619 1999 673 2033 III
707 1999 787 2043 666,
825 1998 878 2033 12.
916 2008 1030 2042 posse

316 2058 507 2093 hominem
537 2058 575 2092 in
602 2057 673 2092 hac
701 2057 784 2092 vita
810 2056 1031 2101 praeceptis

315 2116 379 2151 dei
414 2115 581 2161 cognitis
615 2115 665 2151 ad
701 2119 849 2150 tantam
886 2114 1032 2158 perfec-

316 2173 460 2209 tionem
503 2173 674 2209 iustitiae
716 2173 799 2210 sine
837 2172 1030 2208 adiutorio

317 2231 466 2276 gratiae
522 2231 729 2266 salvatoris
783 2241 851 2275 per
908 2229 1030 2265 solum

317 2289 458 2324 liberae
485 2289 699 2324 voluntatis
724 2288 924 2324 arbitrium
949 2298 1032 2332 per-

318 2347 462 2391 venire,
493 2352 534 2382 ut
565 2347 680 2383 etiam
713 2356 790 2381 non
822 2346 872 2382 sit
902 2355 1033 2381 neces-

319 2405 461 2440 sarium
511 2404 652 2440 dicere:
704 2403 875 2439 ‘Dimitte
923 2403 1034 2439 nobis

319 2462 450 2497 debita
487 2462 631 2497 nostra‘
672 2461 726 2496 111
763 2461 843 2507 665,
881 2462 913 2496 3.
953 2461 1031 2505 690,

318 2521 376 2563 203
426 2520 529 2565 quod
563 2524 691 2555 autem
728 2519 915 2565 sequitur:
965 2518 1033 2554 ‘Ne

318 2587 388 2612 nos
436 2577 580 2613 inferas
629 2577 668 2613 in
715 2576 1034 2622 temptationem‘,

320 2646 395 2671 non
451 2636 505 2671 ita
559 2635 874 2680 intellegendum,
939 2639 1034 2670 tam-

320 2704 434 2738 quam
475 2693 651 2729 divinum
692 2693 927 2728 adiutorium
969 2702 1035 2737 po-

321 2761 427 2787 scere
455 2751 682 2787 deberemus
710 2750 764 2785 III
791 2751 871 2796 665,
896 2752 928 2786 7.
955 2751 1034 2795 690,

321 2811 379 2855 263.
410 2812 456 2853 τί.
486 2812 565 2858 272,
595 2813 650 2847 25.
678 2813 757 2858 658,
790 2813 843 2848 12.
872 2813 920 2849 de
952 2823 1035 2849 ora-

1112 328 1151 353 se
1182 322 1219 354 et
1248 327 1318 362 pro
1347 318 1433 354 aliis
1463 318 1639 354 fidelibus
1666 319 1825 364 faciunt,

1111 380 1154 411 ut
1192 376 1409 421 proficiant,
1447 381 1488 412 et
1524 377 1572 412 de
1613 377 1825 423 gratiarum

1110 434 1340 479 actionibus,
1370 434 1462 480 quia
1493 433 1709 480 proficiunt,
1738 445 1826 469 con-

1111 496 1173 527 tra
1199 491 1431 537 Pelagianos
1460 492 1503 528 A.
1531 497 1570 528 et
1595 492 1716 528 Vitali
1743 497 1827 529 erat

1112 549 1307 585 conflictio
1343 550 1557 586 communis
1593 550 1646 586 IV
1679 551 1759 597 424,
1793 551 1826 586 2.

1113 608 1411 652 paenitentibuS,
1467 608 1594 654 inquit
1634 608 1827 655 Pelagius,

1111 666 1228 701 venia
1255 675 1332 701 non
1361 666 1475 701 datur
1503 667 1714 702 secundum
1742 678 1827 713 gra-

1112 724 1205 759 tiam
1243 728 1281 759 et
1316 724 1620 759 misericordiam
1659 724 1722 760 dei
1759 724 1827 760 sed

1113 782 1324 817 secundum
1364 782 1542 818 meritum
1582 787 1620 818 et
1658 782 1827 817 laborem

1113 850 1256 885 eorum,
1309 840 1375 886 qui
1427 849 1495 884 per
1546 840 1827 884 paenitentiam

1112 897 1221 944 digni
1269 897 1411 933 fuerint
1461 898 1729 934 misericordia
1775 897 1827 932 IV

1113 956 1167 1001 71,
1198 956 1251 991 19.
1280 956 1466 991 auxilium
1495 955 1644 1002 gratiae
1672 955 1828 992 videba-

1112 1018 1174 1049 tur
1208 1019 1404 1059 tamquam
1436 1024 1484 1050 ex
1515 1013 1729 1050 abundanti
1761 1023 1829 1058 pu-

1113 1076 1196 1108 tare
1243 1072 1404 1107 concedi
1453 1076 1520 1107 aut
1567 1071 1643 1116 ‘ut‘,
1692 1072 1828 1118 inquit,

1114 1130 1228 1176 ‘quod
1264 1130 1391 1166 facere
1427 1130 1601 1165 homines
1635 1130 1829 1174 per'libe-

1114 1199 1196 1224 rum
1227 1189 1406 1224 iubentur
1436 1188 1648 1233 arbit-rium,
1676 1187 1829 1223 facilius

1114 1246 1267 1290 possint
1292 1246 1451 1291 implere
1478 1256 1547 1291 per
1573 1246 1750 1292 gratiam‘
1777 1246 1827 1280 IV

1115 1305 1169 1349 74,
1206 1304 1260 1340 18.
1294 1304 1349 1348 75,
1382 1305 1415 1339 3.
1450 1303 1696 1349 Pelagianus,
1729 1304 1830 1339 dixit

1114 1362 1376 1407 Innocentius,
1423 1362 1546 1397 credit
1593 1362 1688 1397 nihil
1733 1372 1829 1405 esse,

1115 1420 1218 1466 quod
1243 1431 1266 1456 a
1289 1420 1362 1456 deo
1386 1420 1566 1465 accipiat,
1591 1430 1661 1456 nec
1683 1420 1829 1466 aliquid

1115 1488 1330 1524 superesse,
1376 1478 1479 1524 quod
1525 1482 1635 1522 petat
1677 1478 1727 1513 ad
1773 1488 1830 1512 sa-

1116 1537 1285 1572 nandum
1318 1547 1357 1572 se
1389 1536 1443 1571 III
1474 1536 1554 1582 725,
1588 1536 1640 1571 10.
1671 1535 1829 1581 Pelagio

1115 1595 1274 1631 doctore
1313 1594 1408 1630 haec
1446 1594 1709 1639 intellegenda
1747 1597 1831 1629 erat

1115 1653 1242 1697 gratia
1275 1652 1350 1697 dei,
1383 1662 1481 1698 quae
1516 1652 1681 1698 paganis
1715 1655 1831 1698 atque

1116 1710 1358 1755 Christianis,
1405 1710 1535 1755 impiis
1569 1714 1607 1746 et
1642 1710 1729 1755 piis,
1776 1709 1831 1744 in-

1116 1768 1292 1805 fidelibus
1329 1768 1583 1814 fidelibusque
1618 1767 1831 1803 communis

1116 1831 1201 1862 erat
1235 1826 1288 1861 IV
1323 1827 1379 1871 46,
1416 1826 1469 1861 12.
1515 1836 1614 1872 quae
1650 1825 1831 1871 Pelagius

1116 1884 1271 1920 videtur
1315 1884 1424 1920 velut
1468 1893 1535 1929 pro
1580 1883 1708 1929 gratia
1751 1883 1834 1918 sive

1117 1942 1311 1978 adiutorio
1351 1942 1414 1978 dei
1455 1942 1595 1987 dicere,
1647 1941 1702 1976 sic
1742 1944 1832 1976 sunt

1117 1999 1308 2045 ambigua,
1343 2004 1386 2034 ut
1420 2000 1570 2044 possint
1604 1999 1737 2034 referri
1771 1998 1834 2034 vel

1118 2058 1168 2093 ad
1208 2061 1385 2093 naturam
1426 2057 1490 2093 vel
1528 2057 1578 2093 ad
1615 2056 1831 2092 doctrinam

1117 2116 1179 2152 vel
1209 2116 1258 2151 ad
1289 2115 1554 2151 remissionem
1584 2118 1832 2159 peccatorum

1119 2173 1171 2208 IV
1205 2174 1283 2219 128,
1314 2174 1372 2217 113
1407 2174 1454 2215 cs.
1490 2173 1566 2218 128,
1600 2173 1655 2207 26.
1690 2172 1766 2217 183,
1802 2172 1832 2206 1.

1119 2231 1229 2267 nobis
1253 2231 1294 2267 in
1315 2231 1443 2277 gratia
1465 2231 1528 2266 vel
1551 2230 1745 2266 adiutorio
1770 2229 1832 2265 dei

1118 2289 1253 2325 dicunt
1277 2289 1478 2335 Pelagiani
1503 2288 1700 2324 dominum
1728 2287 1833 2323 Chri-

1119 2352 1219 2382 stum
1258 2347 1354 2382 bene
1392 2346 1552 2382 vivendi
1591 2345 1832 2391 propositum

1120 2405 1338 2449 exemplum
1367 2404 1420 2439 IV
1450 2404 1527 2448 128,
1555 2404 1611 2439 20.
1639 2403 1833 2439 Christum

1120 2463 1237 2508 igitur
1274 2462 1397 2508 gratis
1431 2465 1623 2497 mortuum
1658 2471 1742 2496 esse
1778 2470 1834 2496 se-

1119 2521 1249 2566 quitur
1292 2531 1339 2556 ex
1384 2519 1517 2566 Pelagi
1559 2519 1738 2555 doctrina
1779 2518 1833 2553 III

1119 2579 1199 2623 678,
1231 2578 1402 2621 11-679,
1437 2578 1491 2613 15.

1167 2639 1347 2685 Pelagius
1381 2638 1660 2684 Hierosolymis
1694 2637 1835 2673 consti-

1120 2702 1228 2732 tutus
1267 2697 1473 2732 nonnullos
1513 2696 1645 2733 fallere
1682 2696 1834 2732 diceba-

1120 2759 1196 2799 tur3
1228 2766 1362 2791 verum
1394 2759 1523 2791 tamen
1552 2754 1672 2790 multo
1704 2753 1834 2798 plures

1120 2813 1308 2849 adversus
1334 2823 1419 2848 eum
1446 2823 1516 2858 pro
1541 2812 1668 2858 gratia
1690 2811 1833 2847 Christi
