2078 3054
292 136 348 182 52
927 142 1070 183 Index
1095 142 1171 183 111.

438 265 611 311 Epistula
644 265 709 300 201
748 264 1019 309 imperatorum
1053 262 1199 298 Honori
1234 265 1272 297 et
1306 261 1499 297 Theodosi
1532 261 1583 297 ad
1617 258 1813 297 Aurelium

295 324 520 368 episcopum
545 333 582 367 p.
606 322 684 367 299,
709 322 742 356 1:
769 321 871 357 Data
896 321 929 355 V
953 321 1045 356 Idus
1072 321 1203 355 lunias
1228 320 1450 355 Ravennae.
1491 320 1595 365 quod
1619 323 1746 355 autem
1773 320 1812 354 in

297 380 528 417 editionibus
552 380 725 415 additum
749 371 810 414 est]
834 378 1022 413 ‘Monaxio
1048 381 1087 413 et
1108 377 1235 412 Plinta
1259 377 1504 422 consulibus&
1529 377 1568 412 id
1592 381 1650 413 est
1675 387 1709 412 a
1723 378 1812 461 419.

296 449 380 474 cum
402 439 442 473 in
462 438 568 473 nullo
587 437 743 472 omnino
762 436 896 473 codice
916 435 1164 480 reppererim,
1183 434 1388 470 delendum
1409 445 1554 470 cura..
1587 436 1634 470 ab
1657 445 1687 470 e
1690 435 1716 469 li

296 496 366 531 bus
401 496 502 531 enim
537 495 610 530 huc
646 494 876 529 translatum
910 503 995 529 esse
1030 493 1184 528 sidetur
1219 503 1266 527 ex
1301 492 1466 537 scriptis,
1501 502 1599 537 quae
1635 446 1812 527 Aurelius

295 553 570 597 imperatorum
593 552 631 587 in
651 551 723 587 hac
741 551 911 596 epistula
929 551 1078 596 iussu¹)
1101 550 1151 586 ad
1170 550 1358 596 quosdam
1378 551 1584 595 episcopos
1607 550 1812 586 Africanos

295 610 478 646 continuo
509 609 623 654 misit,
654 618 755 660 quae
785 612 874 644 sunt
905 609 997 643 data
1029 608 1116 643 Kal.
1148 608 1335 653 Anqustis
1365 607 1599 652 Carthoyine
1633 608 1812 643 Monaxe'o

293 670 332 703 et
359 667 489 703 Plinta
516 666 781 711 consulibus.²)
1711 679 1714 682 ⁴

436 724 635 769 Superatis
664 724 934 770 damnatisque
965 723 1186 769 Pelagianis
1216 722 1475 768 Hieronymus
1507 723 1713 767 epistulam
1743 724 1812 760 2⁰2

293 781 343 818 ad
385 782 569 828 Alypium
613 786 651 818 et
693 781 952 827 Augustinum
996 781 1152 825 scripsit
1195 781 1545 826 perferendamque.
1585 780 1811 817 Innocentio

294 841 520 886 presbytero
546 839 697 885 dedit.³)
737 839 987 886 Innocentius
1014 844 1142 875 autem
1169 839 1326 875 decreto
1354 839 1507 875 concilii
1534 839 1812 884 Carthaginen-

294 898 346 934 sis
375 898 431 933 III
459 897 547 933 Kal.
575 897 706 933 Iunias
733 907 767 932 a.
794 898 862 933 419
890 897 1011 933 habiti
1042 897 1092 932 ad
1123 896 1309 942 Cyrillum
1337 896 1644 932 Alexandrinum
1672 897 1811 932 missus

293 960 453 1001 erat,2ut
471 956 626 992 veriora
645 957 693 991 ab
716 966 761 991 eo
782 955 1021 1000 exemplaria
1043 959 1216 990 actorum
1239 955 1378 1000 synodi
1399 955 1438 990 in
1459 954 1632 990 Nicaena
1652 954 1810 990 civitate

294 1013 450 1050 habitae
476 1014 712 1058 impetraret.
752 1013 814 1048 cui
840 1013 1033 1048 desiderio
1059 1012 1227 1058 Cyrillus
1253 1023 1367 1058 quam
1393 1015 1559 1057 primum
1588 1012 1683 1047 satis
1710 1012 1812 1056 fecit,

294 1082 370 1117 quo
411 1071 514 1107 facto
554 1070 728 1116 episcopi
767 1070 1049 1106 Africani·illa
1088 1070 1327 1115 exemplaria
1367 1070 1420 1105 VI
1460 1070 1549 1106 Kal.
1590 1069 1812 1106 Decembris

294 1128 466 1165 eiusdem
493 1129 585 1165 anni
613 1128 808 1164 Bonifatio
837 1138 963 1173 papae
994 1127 1323 1174 proposuerunt.⁴)
1365 1128 1405 1164 in
1433 1128 1505 1163 hoc
1534 1127 1670 1164 itinere
1700 1126 1812 1163 Inno-

294 1187 462 1223 centium
501 1187 551 1222 ad
590 1186 866 1232 Hieronymum
904 1196 1057 1232 quoque
1093 1186 1247 1222 venisse
1285 1191 1400 1232 atque
1438 1187 1487 1222 ab
1523 1196 1568 1222 eo
1606 1186 1812 1231 epistulam

294 1244 437 1290 Alypio
452 1249 490 1280 et
504 1244 722 1290 Augustino
742 1245 980 1280 reddendam
999 1244 1197 1289 accepisse
1217 1254 1287 1289 pro
1307 1249 1412 1279 certo
1435 1244 1576 1281 habere
1596 1254 1811 1289 possumus.

294 1303 398 1348 quod
432 1302 464 1338 si
497 1302 554 1342 ita
586 1306 656 1348 est,
690 1301 896 1346 epistulam
931 1312 1055 1347 neque
1090 1306 1180 1337 ante
1215 1292 1449 1338 extremam‘
1463 1305 1651 1337 aestatem
1688 1312 1811 1347 neque

295 1364 383 1403 post
414 1360 610 1396 ineuntem
640 1358 897 1396 Novembrem
927 1360 1020 1395 anni
1050 1360 1117 1395 419
1148 1359 1332 1404 scriptam
1362 1370 1446 1396 esse
1478 1359 1654 1395 efficitur.
1697 1364 1812 1405 atque

295 1417 411 1462 paulo
447 1423 549 1464 ante,
588 1428 703 1464 quam
741 1418 947 1463 epistulam
986 1418 1181 1463 scriberet,
1219 1418 1451 1454 Eustochiae
1488 1417 1634 1454 obitum
1671 1427 1812 1463 magno

294 1475 426 1512 dolore
462 1486 502 1512 sc
536 1475 713 1512 affecisse
749 1476 882 1511 scribit
916 1475 1218 1521 Hieronymus.⁵)
1267 1486 1381 1521 quam
1417 1486 1503 1512 cum
1539 1475 1739 1511 Palladius
1773 1475 1813 1510 in

295 1532 457 1569 historia
482 1533 684 1580 Lausiaca,
711 1544 810 1580 quae
837 1533 990 1569 circiter
1018 1544 1161 1569 annum
1191 1533 1260 1569 420
1287 1533 1504 1577 composita
1533 1543 1618 1569 esse
1646 1533 1812 1577 videtur,

294 1590 410 1626 otiam
438 1595 529 1627 tunc
556 1591 783 1627 monacham
811 1592 983 1627 exerceri
1010 1592 1050 1627 in
1075 1591 1272 1627 Bethleem
1301 1596 1339 1627 et
1365 1595 1599 1627 conventum
1627 1591 1812 1636 quinqua-

294 1648 404 1693 ginta
437 1649 631 1694 virginum
668 1649 808 1686 habere
844 1649 992 1695 dicam)
1031 1649 1230 1685 Palladius
1265 1654 1333 1685 aut
1369 1649 1464 1684 illud
1501 1649 1703 1693 scribebat,
1738 1654 1813 1694 qu‘o

295 1710 466 1751 tempore
494 1706 703 1742 Eustochia
730 1707 899 1742 nondum
927 1707 1159 1752 decesserat,
1185 1711 1253 1742 aut
1280 1706 1383 1742 illam
1410 1706 1486 1741 iam
1513 1716 1598 1742 esse
1625 1698 1814 1741 mortuam

295 1763 509 1809 ignorabat.
546 1764 602 1799 ita
626 1765 742 1800 etiam
770 1765 842 1800 hoc
869 1765 1054 1800 indicium
1080 1775 1165 1800 cum
1192 1765 1257 1800 illo
1283 1769 1456 1809 tempore
1482 1764 1596 1801 valde
1623 1765 1812 1810 congruit.

436 1820 618 1866 Epistula,
645 1822 763 1858 202Α
797 1822 1006 1868 Augustini
1039 1821 1181 1866 Optato
1214 1833 1250 1867 p.
1281 1822 1361 1867 302,
1397 1822 1453 1857 11:
1488 1823 1663 1868 Quinque
1694 1822 1814 1863 terme

295 1880 387 1915 anni
415 1890 504 1914 ecce
533 1880 681 1915 evoluti
708 1884 810 1923 sunt,
838 1890 887 1915 ex
916 1890 991 1925 quo
1023 1882 1063 1915 in
1091 1881 1279 1916 orientem
1311 1882 1400 1916 misi
1427 1881 1566 1916 librum
1598 1891 1675 1915 non
1704 1890 1812 1925 prae-

294 1938 526 1981 sumptionis
556 1938 625 1973 sed
656 1937 954 1973 consultationis
984 1948 1092 1973 meae
1121 1941 1162 1974 et
1191 1938 1319 1974 adhuc
1351 1939 1540 1982 rescripta
1572 1948 1650 1973 non
1680 1939 1812 1972 merui.

295 1993 354 2029 his
383 1994 511 2030 verbis
540 1994 781 2040 Augustinus
809 1995 947 2031 librum
979 1996 1026 2031 de
1056 1996 1205 2041 origine
1234 1996 1385 2032 animae
1414 1995 1579 2031 hominis
1610 1994 1813 2040 significat,

296 2050 334 2085 id
369 2056 429 2087 est
462 2052 668 2096 epistulam
705 2053 784 2097 166,
821 2063 935 2098 quam
973 2054 1023 2089 ad
1058 2052 1334 2098 Hieronymum
1370 2064 1461 2089 vere
1497 2052 1589 2088 anni
1624 2053 1691 2088 415
1727 2063 1812 2088 eum

295 2109 446 2146 misisse
475 2119 593 2154 supra
618 2110 880 2155 exposuimus.
919 2110 1049 2156 itaque
1076 2121 1162 2146 cum
1192 2111 1290 2146 hanc
1318 2111 1368 2146 ad
1396 2110 1579 2155 Optatum
1608 2110 1812 2155 epistulam

296 2163 464 2212 qu'inque
500 2167 618 2203 ferme
655 2168 767 2203 annis
803 2172 892 2212 post
928 2178 968 2204 se
1005 2168 1207 2213 scripsisse
1246 2168 1434 2214 adfirmet,
1474 2168 1512 2203 id
1549 2168 1692 2204 factum
1730 2178 1813 2203 esse

296 2229 459 2268 apparet
489 2235 580 2260 vere
610 2225 729 2261 ferme
758 2226 851 2261 anni
880 2225 958 2261 420.

438 2281 616 2326 Epistula
669 2283 738 2319 2⁰3
791 2283 1033 2329 Augustinus
1086 2284 1297 2328 respondet
1349 2283 1476 2329 Largo
1531 2283 1694 2328 cuidam,
1749 2283 1814 2328 qui

297 2349 485 2384 prospera
503 2344 593 2376 ante
613 2340 769 2376 fortuna
788 2351 880 2377 usus
900 2351 985 2376 cum
1005 2351 1145 2385 aspera
1163 2346 1266 2377 esset
1289 2351 1508 2386 perpessus,
1528 2342 1576 2376 ab
1595 2341 1813 2386 Augustino

436 2467 465 2510 ¹)
495 2476 531 2510 p.
562 2466 640 2512 297,
670 2466 841 2513 11-298,
868 2467 901 2502 5.

437 2523 467 2568 ²)
496 2523 622 2561 Mansi
655 2524 790 2560 concil.
824 2524 909 2561 coll.
943 2525 995 2560 IV
1029 2535 1065 2570 p.
1099 2525 1167 2560 447
1181 2524 1304 2561 A-Q

438 2580 468 2625 ³)
496 2591 533 2626 p.
559 2582 641 2628 300,
669 2581 775 2627 2-3;
806 2582 886 2627 299,
913 2583 946 2618 7.

438 2638 467 2683 ⁴)
497 2639 621 2674 Mansi
647 2640 782 2676 concil.
809 2639 894 2675 coll.
911 2639 980 2675 ·ΙΙΙ
1008 2650 1044 2684 p.
1071 2641 1139 2676 835
1153 2639 1266 2678 D—-E
1292 2645 1332 2677 et
1356 2641 1425 2676 838
1439 2641 1486 2685 Α,
1514 2640 1582 2676 838
1595 2639 1719 2676 C—D.

438 2695 467 2741 ⁶)
496 2706 533 2742 p.
564 2697 645 2743 300,
678 2697 826 2733 12—13.

438 2754 694 2845 ⁶)DPalladius
733 2755 819 2791 hist.
860 2755 972 2791 Laus.
1012 2766 1043 2791 c.
1086 2756 1152 2791 126
1197 2756 1340 2802 (Migne
1380 2757 1518 2802 patrol.
1557 2768 1611 2802 gr.
1646 2756 1815 2791 XXXIV

298 2819 334 2853 p.
367 2811 451 2846 1231
506 2813 532 2856 ).
