2078 3054
934 131 1077 167 Index
1102 130 1146 166 V.
1733 115 1817 158 283

303 249 353 285 19.
383 247 546 282 docebat
575 247 814 281 Christianos
845 245 1008 280 maxime

298 316 344 340 ex
375 305 554 350 gentibus
584 305 785 339 venientes
816 303 1008 338 iudaizare

300 373 375 397 non
406 367 585 406 oportere
617 362 667 396 lv
699 362 776 405 216,
809 362 864 404 133
896 361 943 402 ct.
974 360 1008 394 II

299 422 353 464 74,
400 421 430 455 7.
476 430 542 454 cur
590 419 732 454 Paulus
781 419 1008 454 Iudaeorum

300 481 542 513 sacramenta
568 476 831 520 celebraverit,
858 481 899 511 ut
925 475 1009 511 illos

299 535 552 575 lucrifaceret,
587 546 709 579 neque
742 545 833 569 vero
869 533 1010 568 sacrifi-

299 593 443 628 caverit
490 603 575 628 cum
622 593 811 637 gentibus.
859 596 900 626 ut
944 601 1009 626 eos

298 661 448 695 quoquc
493 650 734 685 lucrifaceret
778 649 811 683 II
857 650 911 693 76,
956 649 1008 683 12.

299 708 440 743 Paulus
478 709 591 743 unius
632 708 815 752 cuiusque
857 706 1009 741 infirmi-

298 770 415 801 tatem
450 771 643 810 tamquam
680 766 716 799 in
751 775 790 800 se
825 765 908 809 ipso
943 763 1009 798 mi-

300 828 448 858 seratus
495 829 552 859 est
597 823 631 857 II
679 824 732 865 77,
780 823 832 857 10.
880 822 1008 866 itaque

299 882 422 915 factus
484 886 540 916 est
601 880 753 915 Iudaeis
814 884 1007 924 tamquam

299 939 463 974 Iudaeus
499 943 535 974 et
570 938 729 973 infirmis
766 937 936 972 infirmus
972 941 1007 972 et

299 997 474 1031 omnibus
503 996 642 1035 omnia,
670 1001 712 1031 ut
738 1006 871 1031 omnes
897 995 1008 1030 lucri-

300 1055 442 1089 faceret
480 1054 512 1088 ΙΙ
550 1055 604 1097 73,
641 1055 670 1088 7.
708 1054 762 1097 77,
797 1054 828 1088 6.
864 1053 943 1097 301,
977 1054 1007 1087 7.

298 1112 473 1146 omnibus
501 1112 617 1155 igitur
644 1112 771 1146 omnia
799 1111 923 1145 factus
951 1115 1007 1146 est

300 1181 374 1204 non
404 1170 623 1205 mentientis
651 1174 737 1204 astu
763 1169 830 1204 sed
857 1178 1009 1212 compa-

299 1228 430 1262 tientis
461 1227 602 1262 affectu
636 1227 668 1260 Il
701 1227 752 1265 77.
786 1227 816 1261 5.
845 1227 923 1269 312,
956 1226 1008 1260 12.

298 1286 376 1326 313,
411 1285 463 1319 14.
496 1285 574 1327 378,
608 1285 636 1319 1.
669 1285 748 1320 379.
782 1284 833 1318 16.
866 1284 945 1328 380,
978 1284 1008 1319 1.

299 1344 356 1382 2ος
392 1344 437 1384 cs.
472 1344 526 1379 73.
559 1343 590 1377 9.
622 1342 700 1384 301,
736 1343 788 1376 10.
835 1341 1008 1377 Christus

298 1401 429 1434 (locuit
464 1400 617 1435 Petrum
652 1410 719 1443 per
757 1400 1029 1443 posteriorem:

298 1458 458 1492 Paulum
491 1457 544 1491 111
575 1458 739 1497 559,12.
770 1457 853 1491 laus
885 1457 1008 1492 iustae

298 1516 486 1550 libertatis
515 1516 551 1550 in
581 1515 700 1549 Paulo
727 1520 809 1550 erat
837 1519 874 1550 et
902 1524 1007 1549 sanc-

298 1579 359 1608 tae
393 1573 619 1607 humilitatis
653 1573 688 1607 in
720 1572 832 1607 Petro
864 1572 898 1606 II
929 1573 1008 1608 375.

298 1632 328 1665 9.
377 1630 631 1675 Hieronymus
680 1630 839 1665 Paulum
883 1634 1009 1665 osten-

298 1689 387 1723 dere
415 1689 469 1723 ait
496 1699 570 1723 non
598 1688 774 1723 habuisse
803 1699 841 1723 se
870 1688 1007 1723 securi-

299 1751 415 1780 tatem
485 1746 677 1789 evangelii
746 1746 1008 1789 praedicandi,

300 1804 371 1837 nisi
398 1803 500 1838 Petri
525 1807 562 1839 et
586 1808 812 1840 ceterorum.
836 1804 900 1848 qui
923 1814 1006 1838 cum

299 1872 343 1896 eo
371 1865 491 1900 erant,
521 1861 653 1895 fuisset
681 1861 871 1896 sententia
901 1862 1008 1895 robo-

300 1923 422 1952 ratum
452 1918 485 1952 II
515 1918 592 1957 294,
624 1919 675 1952 14.

347 1978 487 2013 Paulus
523 1978 686 2013 Iudaeos
722 1978 843 2013 voluit
880 1978 1008 2013 admo-

300 2047 388 2070 nere
438 2036 511 2070 iam
563 2036 838 2071 destruendum
890 2036 1008 2071 fuisse

299 2093 468 2128 adventu
505 2093 647 2128 Christi
683 2094 868 2137 parietem
907 2094 1008 2129 deal-

300 2152 441 2194 batum,
482 2151 550 2185 hoc
591 2156 649 2186 est
689 2151 911 2196 hypocrisin
952 2162 1008 2186 sa-

300 2208 460 2242 cerdotii
501 2208 727 2244 ludaeorum
769 2209 822 2243 III
864 2209 939 2253 139,
978 2210 1008 2243 9.

301 2265 432 2302 Iudaei
460 2266 578 2301 Paulo
607 2266 791 2301 invidiam
820 2271 856 2302 et
882 2277 1009 2311 perse-

300 2323 489 2358 cutionem
554 2324 747 2359 concitare
808 2324 1009 2359 molientes

301 2386 493 2425 tamquam
535 2381 729 2416 inimicum
769 2381 865 2425 legis
906 2392 1009 2417 man-

1105 249 1187 279 erat
1216 244 1324 279 Pauli
1353 245 1419 280 sed
1448 245 1590 280 Christi
1617 245 1650 279 ΙΙ
1677 245 1756 288 490,
1783 244 1814 279 2.

1108 302 1247 337 Paulus
1283 302 1483 346 apostolus
1521 302 1638 337 falsos
1678 303 1816 337 fratres

1106 359 1294 395 tolerabat
1328 359 1363 394 II
1394 360 1473 403 399,
1504 360 1539 399 6;
1573 360 1618 401 cs.
1652 361 1728 399 105,
1761 360 1815 394 25.

1105 418 1183 458 399,
1227 418 1278 452 17.
1318 418 1397 461 605,
1439 418 1468 452 1.
1508 418 1588 462 620,
1629 418 1681 452 15.
1734 418 1815 453 eius

1105 475 1281 519 exemplo
1330 474 1576 510 confirmatur
1625 475 1816 511 hominem

1106 533 1155 568 ad
1196 534 1335 568 bonum
1379 533 1464 577 cogi
1506 542 1619 576 posse
1660 532 1695 567 11
1738 533 1816 576 449,

1108 591 1160 626 18.
1194 590 1245 625 IV
1279 591 1334 635 20,
1368 591 1423 625 24.
1454 591 1509 635 22,
1543 591 1596 626 19.
1628 591 1816 626 divinitus

1107 653 1239 692 raptus
1274 653 1331 684 est
1367 659 1412 684 ex
1449 648 1518 683 hac
1553 649 1634 683 vita
1669 649 1718 684 ad
1752 659 1817 683 an-

1106 706 1267 749 gelicam
1308 706 1427 741 vitam
1469 706 1523 740 III
1564 707 1643 751 305,
1681 707 1716 749 6,
1770 706 1816 747 cf.

1104 764 1184 808 306,
1221 764 1249 798 1.
1284 764 1476 799 sententia
1510 764 1620 799 Pauli
1654 763 1817 800 Neronis

1105 822 1235 866 gladio
1265 821 1490 857 confirmata
1522 827 1579 857 est
1610 821 1644 855 ΙΙ
1676 822 1755 863 300,
1785 822 1817 856 8.

1062 879 1089 913 P
1105 890 1128 914 a
1142 879 1190 914 ul
1207 890 1229 914 u
1246 890 1278 921 S,
1335 880 1542 923 episcopus
1597 879 1816 915 Constanti-

1107 937 1247 977 nensis,
1292 937 1455 972 traditor
1499 937 1569 972 fuit
1614 949 1690 972 una
1733 948 1816 972 curn

1102 995 1272 1039 Silvano,
1288 995 1523 1030 subdiacono
1539 1006 1607 1030 suo
1644 995 1677 1029 ΙΙ
1695 996 1772 1040 155,
1787 996 1818 1030 3.

1059 1053 1086 1087 P
1102 1053 1227 1088 aulu
1243 1063 1259 1088 s
1294 1053 1500 1097 episeopus
1535 1053 1703 1088 moribus
1739 1054 1818 1088 suis

1106 1115 1143 1146 et
1178 1121 1221 1146 ea
1258 1110 1418 1146 vivendi
1453 1111 1613 1155 ratione,
1649 1111 1709 1145 eui
1744 1111 1818 1145 fru-

1105 1168 1245 1213 galitas
1286 1167 1471 1203 ecclesiae
1513 1178 1603 1204 suae
1645 1168 1820 1203 sufficere

1106 1236 1183 1261 non
1218 1229 1360 1270 posset,
1397 1225 1590 1269 effecerat,
1625 1231 1665 1261 ut
1703 1226 1745 1261 A.
1783 1226 1817 1261 ei

1106 1284 1411 1319 communionem
1454 1288 1660 1320 recusaret.
1715 1283 1817 1329 quod

1106 1352 1294 1386 cumrper
1328 1341 1476 1376 litteras
1512 1345 1820 1386 conquereretur.

1106 1399 1148 1434 Α.
1206 1398 1445 1442 respondens
1501 1398 1677 1435 fallacem
1736 1399 1818 1434 eius

1107 1457 1226 1491 vitam
1268 1467 1400 1491 severe
1442 1457 1626 1501 corripuit
1665 1467 1722 1501 ep.
1764 1457 1820 1492 85.

1106 1514 1268 1549 eundem
1309 1525 1392 1550 esse
1433 1518 1491 1549 est
1532 1515 1633 1559 quod
1674 1518 1817 1549 statua-

1106 1582 1189 1606 mus
1224 1571 1327 1607 illum
1363 1582 1513 1617 quoque
1547 1572 1719 1611 Paulum.
1753 1572 1817 1617 qui

1107 1640 1330 1673 praecessor
1378 1630 1450 1665 fuit
1498 1630 1678 1667 Bonifati.
1740 1630 1818 1674 epi-

1106 1688 1213 1731 scopi
1280 1687 1550 1732 Cataquensis:
1622 1688 1817 1723 immensis

1107 1744 1298 1779 fiscalibus
1336 1744 1473 1780 debitis
1511 1745 1669 1781 obrutus
1707 1755 1820 1790 agros

1106 1802 1255 1847 aliquos
1282 1813 1366 1837 cum
1395 1802 1474 1837 fisci
1505 1802 1638 1839 fraude
1665 1813 1817 1847 compa-

1107 1864 1211 1895 ratos
1265 1860 1450 1895 ecclesiae
1506 1871 1596 1896 suae
1652 1860 1817 1906 reliquit,

1106 1929 1182 1963 qua
1222 1929 1260 1953 re
1302 1918 1384 1954 eius
1425 1929 1623 1959 successor
1664 1918 1702 1953 in
1741 1929 1817 1953 ma-

1105 1987 1218 2019 gnam
1268 1976 1424 2011 incurrit
1471 1976 1737 2012 difficultatem
1782 1975 1817 2010 11

1106 2034 1183 2075 514,
1211 2033 1383 2077 20ss515,
1411 2034 1465 2068 20.

1060 2091 1258 2126 Paulus
1315 2092 1502 2127 diaconus
1557 2102 1614 2136 ep.
1646 2092 1713 2127 220
1768 2091 1816 2126 ad

1107 2149 1340 2184 Bonifatium
1394 2149 1570 2184 comitem
1624 2149 1817 2194 perferen-

1107 2206 1192 2241 dam
1234 2206 1398 2251 accepit,
1440 2207 1483 2240 A.
1524 2217 1607 2241 eum
1648 2206 1819 2241 fidelissi-

1106 2275 1206 2299 mum
1239 2264 1429 2299 hominem
1459 2268 1585 2307 vocat,
1616 2264 1680 2309 qui
1712 2263 1817 2299 facil-

1106 2321 1216 2356 limos
1266 2323 1312 2356 ad
1364 2322 1598 2357 Bonifatium
1660 2322 1817 2357 haberet

1107 2389 1285 2414 accessus
1315 2379 1367 2413 IV
1394 2380 1472 2423 431,
1503 2380 1555 2414 16.

299 2437 551 2483 (latorumque
585 2439 802 2474 divinorum
835 2439 1009 2474 crimina·
1059 2439 1258 2473 Paulus
1297 2439 1415 2475 frater
1450 2439 1667 2484 Hipponem
1703 2439 1817 2475 rediit

300 2495 438 2529 bantur
474 2495 507 2529 II
541 2496 620 2537 360,
658 2497 710 2530 10.
745 2496 887 2531 Paulus
922 2500 1008 2540 post

302 2551 508 2587 Iohannem
591 2553 696 2588 dedit
781 2554 1006 2599 quibusdam

301 2609 530 2652 baptismum
566 2610 718 2647 Christi.
753 2611 843 2656 quia
875 2611 1009 2646 Iohan-

302 2667 359 2700 nis
395 2667 586 2711 baptismo
625 2668 775 2703 fuerant
813 2669 1030 2724 baptizata,

302 2734 376 2758 non
411 2724 551 2759 Christi
587 2724 620 2758 11
653 2726 731 2765 489,
766 2726 820 2760 21.
866 2725 1030 2770 baptis}

301 2791 395 2821 mus,
443 2792 553 2826 quem
590 2783 697 2817 dedit
734 2783 885 2827 Paulus,
933 2794 1030 2835 non¹

1107 2496 1157 2530 lV
1192 2497 1271 2538 482,
1308 2497 1360 2532 10.
1396 2497 1464 2531 ‘hic
1498 2502 1554 2533 est
1593 2496 1816 2538 incolumis‘.

1107 2554 1229 2598 inquit
1261 2555 1318 2590 Α.;
1350 2555 1539 2598 ‘adportat
1576 2555 1815 2600 negotiorum

1107 2622 1260 2647 suorum
1303 2612 1492 2647 secundas
1533 2612 1671 2655 curas‘,
1724 2612 1816 2647 mul-

1107 2673 1185 2704 tum
1216 2669 1357 2704 salutat
1388 2669 1567 2714 Alypium
1596 2669 1649 2704 IV
1677 2669 1754 2712 481,
1784 2670 1815 2704 9.

1108 2727 1206 2761 idem
1255 2726 1418 2761 fortasse
1467 2727 1539 2761 fuit
1588 2727 1648 2762 ille
1698 2727 1816 2762 frater

1109 2784 1261 2828 Paulus,
1315 2795 1425 2829 quem
1482 2783 1524 2819 A.
1579 2783 1814 2829 Hieronymo
