2078 3054
275 452 394 485 pax:

276 139 360 180 284

322 267 608 303 commendavit
635 272 671 304 et
701 268 737 303 in
763 267 842 303 suis
869 267 1033 313 regioni—

321 326 389 361 bus
422 326 552 371 magni
584 326 780 362 aestimari
813 325 1032 361 adfirmavit

321 383 357 417 II
386 383 440 427 81,
470 383 503 418 2.

450 441 688 486 Donatistae,
730 452 813 477 cum
854 441 1033 477 ecclesia-

320 511 401 535 rum
438 499 603 544 nomina,
638 500 775 544 quibus
808 499 921 535 hodie
955 509 1032 534 non

320 557 616 602 communicant,
640 558 851 593 recitantur
879 559 916 594 in
944 567 1032 592 con-

319 615 525 651 venticulis
551 626 693 660 eorum,
718 615 927 652 lectoribus
953 615 1032 651 suis

320 674 467 709 dicunt:
525 673 617 708 ‘Pax
659 673 810 718 tecum‘,
865 678 903 710 et
945 684 1029 709 cum

320 731 413 775 ipsis
451 731 638 776 plebibus,
674 731 812 777 quibus
848 732 936 768 illae
972 731 1032 767 lit-

319 793 423 826 terae
458 790 624 834 scriptae
657 794 757 834 sunt,
787 800 922 834 pacem
955 800 1031 825 non

320 848 460 883 habent
489 847 525 882 ΙΙ
555 848 631 892 103,
659 848 694 891 73
721 847 768 889 cf.
799 848 875 892 154,
905 847 958 883 17.

271 912 553 952 peccatum
611 909 787 954 primum,
845 909 916 945 hoc
973 912 1032 945 est

318 967 464 1011 primus
494 967 737 1003 voluntarius
768 967 943 1003 deiectus
973 971 1032 1003 est

317 1025 489 1070 gaudere
531 1026 579 1061 ad
623 1026 819 1071 propriam
862 1029 1032 1071 potesta—

318 1087 394 1119 tem
417 1083 453 1118 II
475 1084 554 1130 680,
581 1084 635 1120 13.
659 1084 697 1119 in
721 1084 792 1119 hac
815 1084 897 1119 vita
918 1093 1030 1119 nemo

317 1141 399 1178 sine
434 1141 510 1178 ullo
545 1142 645 1178 vivit
679 1142 835 1177 omnino
870 1145 1030 1187 peccato

319 1199 373 1234 III
402 1200 480 1245 449,
512 1200 569 1244 143
600 1200 646 1241 cs.
675 1200 754 1245 687,
787 1200 840 1236 10.
869 1200 922 1235 IV
952 1200 1030 1244 172,

320 1258 373 1293 13.
398 1257 483 1304 quis
505 1262 563 1294 est
587 1258 669 1294 sine
693 1258 823 1304 aliquo
847 1258 1030 1302 peccato?

318 1316 403 1361 quis
438 1326 530 1361 ergo
566 1316 648 1352 sine
684 1315 813 1361 aliquo
847 1316 956 1361 vitio,
993 1315 1031 1351 id

317 1378 377 1410 est
422 1373 555 1412 fomite
600 1374 766 1420 quodam
813 1374 876 1410 vel
921 1373 1031 1419 quasi

318 1432 448 1468 radice
486 1431 659 1477 peccati?
698 1431 755 1467 III
793 1432 871 1477 597,
908 1433 942 1475 73
983 1431 1030 1473 ct.

317 1490 397 1535 408,
422 1490 454 1525 5.
478 1491 557 1535 409,
582 1490 636 1526 17.
660 1500 744 1526 cum
772 1490 933 1526 mortale
959 1490 1030 1525 hoc
1050 1488 1052 1525 Γ

939 1543 1051 1583 tunc?

316 1616 395 1641 non
431 1606 552 1642 solum
588 1606 681 1642 nulli
717 1606 910 1642 desiderio
945 1602 1051 1651 pec-1

790 1664 857 1700 sed
925 1664 1051 1709 nulla}

317 1548 487 1584 induerit
548 1548 877 1593 inmortalitatem,

318 1664 396 1699 cati
462 1664 721 1709 oboediemus,

317 1726 431 1758 erunt
479 1722 674 1758 desideria
724 1722 829 1768 talia,
892 1722 1031 1768 quibus

317 1791 394 1816 non
425 1781 605 1817 oboedire
639 1781 837 1817 iubeamur
869 1780 923 1816 IV
952 1781 1031 1825 219,

319 1839 373 1873 12.
428 1838 625 1884 Pelagiani
680 1843 886 1884 utcumque
941 1839 1035 1875 tole-

317 1897 429 1933 randi
468 1901 568 1942 sunt,
605 1898 760 1943 quando
798 1897 932 1933 dicunt
969 1896 1031 1932 vel

318 1965 401 1990 esse
457 1955 520 1990 vel
575 1955 693 1990 fuisse
748 1955 809 1990 hic
865 1954 1030 2000 aliquem

319 2012 460 2047 iustum
501 2016 655 2056 praeter
696 2024 812 2048 unum
856 2016 1031 2048 sanctum

319 2074 550 2114 sanctorum,
587 2071 653 2116 qui
689 2071 832 2106 nullum
873 2071 1032 2107 haberet

317 2128 473 2163 omnino
520 2132 721 2172 peccatum
770 2129 823 2164 III
870 2129 948 2174 451,
995 2128 1030 2171 63

318 2187 364 2227 cf.
394 2186 474 2230 685,
503 2187 535 2222 6.
567 2187 659 2232 quid
689 2191 747 2222 est
778 2187 913 2222 mortis
944 2197 1031 2222 acu-

317 2244 400 2280 leus
434 2244 509 2280 nisi
541 2244 767 2289 peccatum?
801 2244 854 2279 IV
889 2245 966 2289 105,
999 2245 1031 2280 5.

317 2303 394 2338 alia
419 2303 605 2338 bonorum
634 2302 712 2338 alia
735 2303 922 2338 malorum
947 2313 1030 2339 esse
1050 2343 1052 2358 1

318 2364 480 2405 peccata
515 2371 592 2395 non
629 2371 750 2406 usque
788 2371 939 2406 quaque
978 2361 1031 2395 in-

319 2417 569 2462 probabiliter
608 2418 749 2454 dicitur
788 2418 843 2453 III
881 2418 960 2464 411,
999 2419 1031 2454 5.

320 2480 483 2520 peecata
535 2486 661 2521 parva
712 2480 842 2512 tamen
896 2477 1053 2522 crebra,

319 2535 374 2569 ita
399 2544 469 2569 nos
496 2535 717 2581 gravabunt
746 2538 784 2570 et
811 2535 1033 2579 oppriment

319 2593 418 2628 sicut
446 2603 561 2628 unum
588 2592 745 2638 aliquod
773 2592 919 2637 grande
946 2603 1033 2637 pec-

320 2654 447 2685 catum
474 2650 526 2685 IV
550 2651 629 2695 646,
654 2651 685 2685 8.
713 2651 884 2686 obtinere
910 2649 1052 2686 aeter-'

320 2719 407 2743 nam
449 2708 610 2744 salutem
654 2709 739 2753 quis
782 2708 916 2753 possit,
958 2708 1032 2743 nisi

321 2766 386 2810 qui
413 2776 545 2801 omnes
575 2766 776 2809 superbiae
805 2777 896 2803 suae
926 2770 1032 2801 toros

322 2823 457 2859 inanes
509 2827 671 2868 peccata
723 2834 793 2859 sua
845 2824 1032 2860 confitens

948 153 1089 189 Index
1115 152 1159 188 V.

1119 267 1447 313 complanaverit?
1478 269 1531 304 IV
1561 269 1641 313 515,
1676 269 1730 305 11.
1762 270 1835 305 Da-

1119 325 1221 362 nihel
1266 330 1422 362 sanctus
1467 337 1595 363 coram
1639 327 1712 363 deo
1756 339 1831 363 non

1119 383 1241 419 solum
1285 389 1445 428 peccata
1488 385 1623 430 populi
1665 386 1724 421 sui
1765 386 1831 421 sed

1118 441 1233 476 etiam
1272 452 1342 477 sua
1375 442 1629 479 cnr-fitebatur
1663 443 1719 478 III
1753 444 1832 487 450,

1120 499 1173 534 11.
1208 500 1311 545 quod
1344 504 1546 544 pec-vatum
1581 501 1619 536 in
1655 501 1831 545 spiritum

1119 562 1293 593 sanctum
1334 559 1477 594 rem{.ti
1517 563 1646 603 potest
1684 560 1723 594 in
1761 559 1832 595 hac

1118 615 1201 651 vita
1227 620 1263 651 et
1291 616 1394 661 quod
1420 616 1577 652 -zmnino
1603 628 1679 652 non
1706 618 1833 654 remit-

1118 677 1221 709 tetur
1268 674 1321 708 IV
1367 674 1422 711 41.
1470 675 1619 720 25—43,
1668 675 1721 711 17.
1767 675 1832 721 qui

1117 736 1314 768 aeternam
1351 732 1474 768 voluit
1508 728 1648 769 habere
1681 733 1850 778 peccati.

1117 789 1417 833 perfruitionem,
1475 793 1671 825 aeterna-m
1732 791 1835 826 inve-

1120 847 1200 882 niet
1250 847 1445 883 vindictae
1498 848 1744 883 severitatem
1797 849 1830 884 II

1117 905 1278 950 568,16.
1329 906 1503 951 quisquis
1554 907 1592 941 in
1642 906 1833 942 catholica

1117 963 1283 999 ecelesia
1323 964 1420 1000 bene
1463 964 1618 1009 vixerit,
1661 964 1755 1000 nihil
1798 965 1832 1000 ei

1117 1022 1389 1065 praeiudicant
1420 1022 1548 1058 aliena
1581 1027 1744 1068 peccata
1777 1023 1833 1057 III

1117 1080 1197 1124 238,
1225 1080 1281 1115 24.

1153 1141 1260 1177 Adae
1287 1145 1487 1186 peccatum
1516 1141 1634 1177 solius
1664 1145 1776 1187 esset,
1803 1142 1835 1177 si

1117 1210 1165 1235 ex
1214 1199 1278 1235 illo
1329 1199 1456 1235 nullus
1506 1200 1665 1243 exisset,
1717 1210 1831 1245 porro

1118 1261 1258 1302 autem,
1286 1257 1324 1292 in
1352 1268 1427 1302 quo
1457 1262 1541 1294 erat
1566 1262 1706 1293 natura
1733 1268 1833 1293 com-

1117 1315 1254 1360 munis,
1288 1316 1336 1351 ab
1368 1315 1451 1351 eius
1484 1315 1581 1352 vitio
1613 1319 1672 1352 est
1704 1315 1832 1352 nullus

1119 1373 1297 1409 immunis
1334 1373 1386 1408 IV
1422 1374 1477 1418 62,
1515 1374 1569 1409 12.
1605 1384 1680 1420 quo
1716 1374 1831 1410 modo

1118 1436 1319 1475 peccatum
1356 1432 1498 1468 transit
1533 1432 1572 1467 in
1608 1432 1708 1468 filios
1743 1432 1833 1468 fide-

1118 1489 1222 1533 lium.
1261 1490 1364 1536 quod
1407 1490 1446 1526 in
1487 1490 1715 1535 parentibus
1755 1501 1832 1525 non

1117 1547 1337 1583 dubitamus
1385 1548 1586 1584 dimissum
1634 1559 1718 1585 esse
1764 1558 1832 1592 per

1116 1606 1372 1650 baptismum?
1414 1606 1467 1641 IV
1505 1606 1584 1650 210,
1622 1607 1678 1642 20.
1718 1606 1832 1652 origi-

1117 1663 1203 1699 nale
1233 1668 1434 1709 peccatum
1466 1665 1681 1710 negabatur
1711 1675 1735 1699 a
1763 1664 1831 1700 Pe-

1116 1721 1219 1767 lagio
1258 1726 1296 1757 et
1333 1722 1554 1768 Pelagianis
1593 1722 1645 1756 IV
1685 1722 1762 1767 158,
1798 1722 1831 1766 6,

1117 1780 1392 1817 adfirmabatur
1430 1781 1468 1816 in
1504 1780 1672 1824 epistula
1706 1791 1831 1826 papae

1119 1838 1260 1875 Zosimi
1295 1839 1371 1884 159,
1408 1839 1440 1874 6.
1477 1843 1679 1884 peccatum
1717 1838 1831 1884 origi-

1118 1897 1204 1933 nale
1234 1897 1464 1933 ostendebat
1490 1897 1749 1942 Hieronymus
1778 1896 1831 1931 III

1117 1955 1196 1999 554,
1229 1954 1282 1990 16.
1313 1955 1392 1998 577,
1424 1955 1454 1998 1,
1484 1954 1705 1999 deploravit
1735 1954 1831 1989 Pau-

1117 2012 1218 2048 linus
1256 2012 1308 2047 IV
1347 2013 1401 2057 78,
1438 2012 1494 2047 20.
1531 2012 1708 2047 omnibus
1745 2022 1831 2056 pec-

1118 2070 1215 2105 catis
1265 2070 1346 2106 sive
1398 2070 1559 2116 originis
1609 2080 1656 2106 ex
1707 2070 1830 2105 Adam

1118 2128 1200 2164 sive
1232 2129 1434 2173 factorum,
1463 2128 1653 2165 dictorum
1687 2128 1833 2173 eogita-

1117 2187 1341 2231 tionumque
1370 2190 1588 2222 nostrarum
1618 2186 1656 2221 in
1684 2185 1832 2221 lavacri

1117 2244 1368 2280 mundatione
1399 2244 1537 2280 deletis
1569 2248 1710 2289 tamen,
1742 2243 1832 2289 quia

1117 2303 1328 2338 mansimus
1363 2303 1401 2338 in
1433 2303 1504 2338 hac
1538 2303 1619 2338 vita
1653 2302 1831 2345 humana,

1118 2361 1254 2396 merito
1293 2361 1470 2396 dicimus:
1513 2360 1682 2397 ‘Dimitte
1721 2359 1832 2395 nobis

1119 2418 1250 2454 debita
1277 2418 1420 2453 nostra‘
1451 2418 1504 2452 IV
1534 2418 1610 2463 105,
1639 2419 1674 2461 73
1701 2417 1747 2459 cf.
1775 2416 1831 2452 III

1117 2477 1195 2521 603,
1228 2477 1261 2512 3.
1295 2487 1439 2520 omnes,
1472 2476 1537 2521 qui
1570 2476 1644 2511 iam
1677 2478 1831 2511 utentes

1118 2535 1237 2571 libero
1267 2535 1425 2570 arbitrio
1458 2545 1528 2569 sua
1557 2533 1715 2578 propria
1746 2542 1831 2577 pec-

1119 2597 1206 2634 cata
1247 2592 1426 2638 originali
1469 2596 1630 2636 peccato
1673 2591 1830 2635 insuper

1119 2651 1363 2693 addiderunt,
1387 2650 1419 2685 si
1441 2650 1488 2685 de
1510 2653 1703 2694 potestate
1726 2653 1831 2685 tene-

1118 2709 1269 2744 brarum
1318 2719 1386 2753 per
1432 2707 1596 2753 gratiam
1643 2706 1706 2742 dei
1753 2716 1829 2741 non

1118 2771 1315 2810 eruuntur,
1350 2777 1427 2801 non
1462 2766 1584 2801 solum
1620 2764 1829 2801 seeundum

1118 2824 1278 2870 originis
1310 2835 1443 2860 verum
1472 2823 1588 2860 etia-m
1620 2822 1829 2859 secundum
