2078 3054
923 138 1065 175 Index
1092 138 1137 175 V.
1725 124 1810 167 225

356 254 508 289 Iustitia
551 254 714 298 gratiam
758 252 863 287 nulla
906 261 1014 296 prae-

308 312 425 347 cessit
464 311 515 350 IV
553 312 610 355 60,
652 311 703 345 11.
742 310 870 355 gratia
908 319 1015 354 prae-

307 370 414 405 venit
457 369 622 404 hominis
668 368 906 403 voluntatem
954 368 1016 402 bo-

308 439 393 462 nam
417 437 486 472 nec
510 438 593 462 eam
618 427 841 472 cuiusquam
868 425 1013 462 invenit

309 487 345 520 in
380 485 506 526 corde,
539 485 607 520 sed
639 484 732 519 facit
765 484 815 518 IV
849 484 928 527 406,
963 483 1015 518 19.

307 543 434 588 gratia
467 543 527 578 dei
563 542 866 586 praeveniuntur
900 541 1016 576 homi-

309 612 396 635 num
447 600 667 635 voluntates
716 605 753 635 et
803 609 869 642 per
918 599 1015 634 hanc

310 659 394 693 illae
425 659 552 702 potius
580 663 872 702 praeparantur,
902 668 1015 702 quam

310 721 464 759 propter
510 726 637 750 earum
685 715 859 750 meritum
903 715 1016 749 datur

310 774 360 807 IV
382 775 460 818 421,
486 774 542 817 12;
565 775 611 815 cs.
633 774 711 818 406,
733 773 788 808 21.
811 782 1016 816 praepara-

308 838 368 866 tur
407 831 588 866 voluntas
628 842 694 875 per
734 831 921 865 occultam
962 831 1017 865 in-

309 890 557 932 spirationem
588 889 735 934 gratiae
764 889 826 924 dei
856 888 907 922 IV
937 889 1016 933 420,

307 948 338 981 6.
370 947 548 982 voluntas
581 947 701 982 libera
731 951 838 981 tanto
871 946 944 982 erit
974 946 1016 981 li·

308 1005 432 1040 berior
496 1009 640 1050 quanto
705 1004 844 1049 sanior,
907 1008 1015 1039 tanto

307 1068 434 1098 antem
486 1064 614 1098 sanior
666 1067 809 1107 quanto
860 1062 1015 1097 divinae

308 1121 592 1156 misericordiae
620 1118 844 1165 gratiaeque
874 1120 1016 1155 subiec-

308 1178 382 1213 tior
410 1178 459 1212 111
488 1180 565 1222 454,
594 1181 624 1213 3.
653 1179 713 1214 lex
741 1179 868 1213 iubere
897 1178 1014 1222 novit,

307 1237 431 1279 gratia
470 1238 616 1272 invare:
656 1247 724 1272 nec
760 1236 820 1271 lex
860 1236 1015 1279 iuberet,

309 1295 380 1330 nisi
416 1301 518 1329 esset
554 1295 746 1338 voluntas,
785 1304 853 1329 nec
891 1294 1015 1339 gratia

309 1352 469 1396 iuvaret,
513 1353 543 1386 si
589 1358 646 1387 sat
691 1357 793 1387 esset
835 1352 1036 1387 voluntas²

310 1409 359 1443 Ill
396 1411 474 1453 673,
512 1410 567 1453 15·.
605 1411 651 1451 cf.
687 1411 766 1454 694,
805 1410 856 1445 11.
892 1411 1036 1444 oratior

308 1467 519 1502 clarissima
544 1473 599 1503 est
625 1468 773 1512 gratiae
795 1468 1014 1503 testificatio

310 1525 360 1559 ΙΙΙ
386 1526 463 1569 673,
493 1526 544 1560 12.
571 1526 713 1560 inimici
739 1526 887 1571 gratiae
911 1526 1015 1561 Chri—

308 1583 356 1617 sti
386 1584 494 1618 nobis
525 1584 756 1619 dominicam
787 1585 901 1619 etiam
933 1595 1015 1619 ora-

306 1641 448 1676 tionem
507 1642 633 1685 impiis
689 1642 1015 1685 disputationibus

306 1698 493 1734 conantur
540 1700 690 1735 auferre
736 1699 790 1734 111
833 1701 911 1744 664,
958 1700 1014 1743 163

308 1756 353 1795 cf.
398 1757 474 1801 709,
515 1757 546 1791 2.
589 1757 766 1799 (Imma).
810 1768 929 1801 opera
968 1768 1014 1792 ex

307 1815 442 1858 gratia,
479 1825 555 1850 non
592 1826 637 1848 ex
675 1815 854 1858 operibus
890 1816 1015 1860 gratia

309 1872 358 1905 IV
388 1873 442 1915 48,
475 1873 526 1908 18.

355 1941 461 1982 Quod
507 1941 689 1986 singulari
732 1942 892 1986 quadam
938 1952 1018 1976 sus-

307 2001 481 2044 ceptione
517 1991 678 2036 hominis
714 2012 788 2035 una
826 2002 928 2036 facta
961 2005 1019 2036 est

309 2070 474 2103 persona
495 2071 578 2096 cum
603 2063 731 2099 verbo.
756 2062 911 2097 divinae
932 2073 1015 2107 gra—

307 2120 382 2154 tiae
428 2121 521 2155 satis
567 2122 810 2165 perspicuum
857 2122 1014 2156 clarum-

308 2191 379 2224 que
405 2181 674 2217 documentum
700 2187 758 2217 est
782 2182 832 2215 IV
859 2183 935 2226 117,
962 2183 1014 2217 10.

310 2241 361 2275 18.
383 2241 474 2286 quid
496 2248 676 2286 operetur
700 2243 737 2277 in
760 2242 868 2277 nobis
889 2236 1015 2288 gratia

309 2300 360 2334 IV
396 2302 452 2345 47,
494 2302 639 2346 19—49,
679 2303 730 2338 19.
772 2303 862 2347 quid
903 2303 1015 2338 debet

308 2372 390 2396 esse
462 2361 663 2396 iucundius
729 2363 789 2397 vel
857 2363 1015 2397 intirmis

306 2421 442 2465 gratia,
473 2432 548 2466 qna
577 2427 772 2466 sanantur,
804 2422 862 2456 vel
895 2422 1015 2467 pigris

307 2481 442 2525 gratia,
478 2492 554 2526 qua
589 2482 818 2525 excitantur,
854 2483 913 2517 vel
951 2493 1035 2530 v0-p

308 2540 473 2576 lentibus
512 2542 648 2585 gratia.
700 2553 774 2586 qna
813 2537 1035 2577 iuvantur?

309 2599 360 2634 IV
397 2600 451 2645 78,
493 2601 545 2635 14.
581 2612 691 2636 omne
731 2602 869 2637 bonum
907 2602 1015 2636 meri-

308 2664 386 2694 tum
416 2665 586 2695 nostrum
617 2672 691 2695 non
719 2662 756 2695 in
786 2662 893 2695 nobis
923 2662 1034 2695 favit*

308 2719 382 2754 nisi
427 2720 553 2764 gratia
600 2720 651 2754 IV
688 2721 763 2763 190,
802 2721 854 2755 13.
903 2721 1034 2755 homo*

309 2780 419 2814 istam
451 2780 570 2815 vitam
603 2784 704 2816 recte
737 2791 869 2825 gerere
903 2791 1014 2824 prop-

329 2846 426 2872 LV111.
449 2847 635 2880 Augustinus.
658 2847 921 2878 (uolutamur.)

1101 256 1158 287 ter
1196 257 1390 288 aeternam
1432 257 1539 288 tanto
1578 253 1700 297 magis
1740 252 1807 287 mi-

1103 320 1223 344 nusve
1279 315 1418 354 potest,
1485 315 1629 355 quanto
1684 310 1807 355 magis

1101 367 1275 403 minusve
1323 368 1529 402 adiuvatur
1576 368 1701 412 gratia
1748 367 1809 402 dei

1102 435 1167 469 per
1201 425 1323 460 Iesum
1356 425 1546 460 Christum
1581 425 1613 459 11
1644 426 1724 471 511,
1756 425 1808 459 10.

1100 483 1226 527 gratia
1276 493 1351 518 non
1403 483 1551 518 invenit
1598 483 1809 527 eligendos,

1102 541 1168 576 scd
1202 541 1294 576 facit
1328 540 1379 574 IV
1408 542 1463 584 57,
1499 542 1550 575 17.
1582 541 1708 586 gratia
1739 551 1808 575 nos

1100 599 1147 633 ab
1199 599 1265 633 illa
1315 599 1543 642 perditionis
1594 609 1721 634 massa
1772 603 1809 633 et

1101 657 1345 691 concretione
1380 656 1563 691 discernit
1598 657 1651 691 lV
1684 657 1739 701 48,
1773 657 1807 692 6:

1102 714 1147 754 cf.
1173 715 1228 758 55,
1254 714 1285 749 8.
1311 714 1387 758 125,
1414 715 1443 749 1.
1472 715 1547 758 144,
1575 715 1728 758 15145,
1756 715 1807 748 12.

1103 772 1178 816 146,
1210 773 1262 807 18.
1295 772 1373 816 206,
1406 772 1458 807 16.
1488 773 1566 816 382,
1600 773 1652 808 16.
1683 772 1809 818 gratia

1101 830 1162 865 dei
1200 841 1267 875 per
1304 830 1428 865 Iesum
1465 830 1656 865 Christum
1694 830 1810 875 pusil—

1101 887 1157 922 los
1190 898 1274 922 cum
1308 888 1458 933 magnis
1489 899 1510 923 a
1543 893 1663 924 morte
1698 888 1808 932 primi

1101 945 1265 981 hominis
1304 946 1352 981 ad
1391 946 1509 981 vitam
1550 946 1708 981 secundi
1746 946 1809 980 ho-

1102 1003 1214 1038 minis
1240 1004 1423 1039 transfert
1449 1003 1500 1038 IV
1525 1005 1578 1048 47,
1605 1004 1657 1038 19.
1685 1015 1709 1038 a
1730 1014 1810 1038 cor-

1102 1072 1193 1105 pore
1217 1063 1350 1096 mortis
1374 1062 1484 1096 huius
1509 1062 1696 1097 neminem
1721 1062 1810 1097 libe-

1102 1119 1202 1154 ravit
1228 1124 1294 1154 aut
1319 1120 1455 1154 liberat
1480 1130 1550 1154 sua
1573 1119 1809 1162 possibilitas

1102 1177 1168 1212 sed
1201 1177 1326 1222 gratia
1359 1178 1420 1213 dei
1454 1188 1520 1221 per
1553 1176 1663 1212 fldem
1698 1178 1809 1212 unius

1101 1235 1324 1270 mediatoris
1356 1235 1417 1270 dei
1455 1240 1492 1270 et
1526 1235 1719 1270 hominum
1756 1235 1808 1269 Ill

1101 1294 1179 1337 680,
1205 1294 1237 1327 5.
1278 1293 1425 1336 gratiae
1465 1293 1696 1328 mirabiliore
1737 1294 1809 1327 vir-

1101 1355 1181 1386 tute
1213 1351 1303 1386 iusti
1333 1362 1356 1386 a
1383 1355 1505 1386 morte
1536 1351 1584 1386 ad
1614 1355 1808 1387 aeternam

1100 1409 1375 1444 beatitudinem
1414 1409 1660 1454 reviviscent,
1697 1420 1809 1455 quani

1102 1467 1137 1501 in
1169 1468 1302 1501 mortis
1332 1467 1609 1511 experientiam
1642 1478 1718 1501 non
1747 1478 1809 1502 ve-

1102 1525 1208 1559 nient
1230 1525 1282 1558 IV
1306 1525 1382 1569 174,
1404 1526 1458 1559 27.
1484 1525 1626 1560 Paulus
1646 1525 1809 1560 docebat

1101 1593 1175 1617 non
1210 1593 1276 1627 per
1309 1588 1443 1618 vetera
1475 1588 1717 1618 sacramenta
1746 1584 1810 1618 ho-

1099 1643 1238 1678 minem
1278 1643 1478 1678 iustificari
1515 1644 1582 1678 sed
1619 1653 1687 1687 per
1725 1654 1808 1688 gra—

1100 1703 1191 1738 tiam
1214 1703 1299 1738 Iesu
1323 1703 1464 1738 Christi
1488 1703 1521 1737 II
1537 1704 1615 1748 360,
1630 1705 1661 1738 8.
1683 1704 1809 1749 gratia

1100 1762 1240 1798 Christi
1272 1763 1408 1798 liberat
1441 1774 1465 1798 a
1495 1769 1603 1798 reatu
1634 1767 1809 1807 peccato-

1100 1833 1180 1858 rum
1226 1823 1387 1867 pusillos
1432 1832 1515 1858 cum
1561 1823 1710 1868 magnis
1755 1822 1807 1856 111

1099 1883 1177 1927 583,
1211 1884 1243 1918 3.
1289 1883 1416 1928 gratia
1462 1883 1523 1918 dei
1570 1892 1637 1927 per
1684 1882 1807 1917 Iesum

1099 1942 1290 1978 Christum
1320 1954 1451 1978 omnes
1479 1943 1700 1987 liberantur,
1730 1943 1808 1988 qui-

1100 2013 1259 2048 cumque
1289 2003 1509 2047 liberantur,
1540 2004 1719 2048 quoniam
1748 2014 1809 2037 ne-

1098 2073 1159 2098 mo
1191 2067 1344 2107 praeter
1377 2064 1498 2107 ipsam
1532 2063 1701 2108 quolibet
1733 2063 1807 2097 alio

1100 2123 1213 2157 modo
1238 2123 1389 2158 liberari
1415 2128 1539 2167 potest
1571 2123 1622 2156 lll
1649 2124 1726 2166 604,
1753 2124 1809 2164 103

1100 2183 1145 2223 cf.
1178 2183 1255 2226 464,
1288 2183 1319 2217 5.
1353 2183 1403 2216 IV
1434 2183 1489 2226 58,
1521 2183 1575 2216 21.
1609 2193 1730 2227 neque
1762 2182 1808 2216 ab

1101 2242 1164 2277 illo
1206 2247 1377 2287 peccato,
1423 2242 1524 2287 quod
1568 2241 1807 2286 originaliter

1099 2302 1273 2346 trahitur,
1325 2313 1447 2347 neque
1497 2303 1545 2337 ab
1594 2302 1663 2345 his,
1711 2312 1808 2346 quae

1099 2363 1360 2407 unusquisque
1420 2363 1456 2397 in
1514 2362 1595 2397 vita
1654 2362 1809 2405 propria

1099 2422 1197 2457 mala
1231 2426 1454 2469 congregat,
1486 2422 1686 2467 quisquam
1720 2421 1808 2456 libe-

1100 2488 1204 2516 ratur
1240 2487 1275 2517 et
1312 2481 1541 2516 iustificatur
1576 2482 1648 2516 nisi
1683 2481 1807 2525 gratia

1099 2542 1159 2576 (lei
1188 2552 1255 2586 per
1282 2542 1405 2576 Iesum
1431 2541 1622 2577 Christum
1652 2552 1726 2576 non
1751 2551 1806 2575 so-

1099 2602 1173 2636 lum
1206 2601 1430 2637 remissione
1462 2606 1708 2646 peccatorum
1741 2601 1807 2636 sed

1100 2662 1205 2705 prius
1231 2662 1352 2706 ipsius
1378 2661 1630 2706 inspiratione
1657 2661 1744 2696 fidei
1770 2665 1808 2696 et

1099 2721 1249 2756 timoris
1283 2722 1344 2757 dei
1384 2721 1579 2765 impertito
1605 2720 1808 2756 salubriter

1099 2781 1285 2816 orationis
1324 2780 1465 2816 affectu
1503 2785 1540 2816 et
1578 2779 1717 2816 effectu
1756 2779 1807 2814 IV

1541 2850 1578 2883 15
