2078 3054
907 134 1050 172 Index
1075 134 1120 171 V.

297 263 380 286 eum
420 252 561 287 factum
597 256 665 294 est,
700 250 801 296 quod
838 250 1007 285 incertae

291 310 412 344 famae
441 309 595 344 credere
626 308 746 343 noluit
775 307 809 341 ΙΙ
836 308 914 350 533,
944 307 996 341 14.

1708 121 1792 163 309

1081 250 1397 285 consuetudinem
1460 250 1713 285 retinentibus
1775 250 1789 284 1

1084 307 1160 351 120,
1187 307 1242 342 22.

288 367 399 402 modo
450 367 533 410 ipsa
580 366 712 409 Roma,
762 365 996 400 domicilium
1035 364 1402 400 Romanianus
1449 370 1529 400 erat
1578 371 1687 409 pater
1732 365 1790 400 Li-

287 425 489 459 clarissimi
517 424 676 468 imperii,
704 423 903 458 barbarico
933 428 1017 467 va-{

289 483 462 517 stabatur
499 482 654 516 incursu
689 480 744 514 ΙΙΙ
782 481 837 525 23,
874 481 906 515 4.
945 470 1017 529 ita}

289 540 510 584 Hieronymi
540 539 689 573 animus
719 538 822 573 urbis
852 535 1016 578 Romae}

287 598 504 632 vastatione
539 596 721 631 confusus
754 600 823 639 est,
856 599 898 630 ut
930 585 1016 630 diuT

287 660 429 690 taceret
457 656 581 690 sciens
606 659 756 697 tempus
779 663 863 688 esse
887 653 995 687 lacri-

287 724 431 747 marum
462 712 515 746 ΙΙΙ
545 712 622 747 543.
652 712 704 746 12.

333 769 471 804 Docuit
498 769 640 804 Romae
671 769 818 812 Petrus,
846 774 885 803 ut
913 768 995 802 sab-

286 828 374 862 bat-o
406 827 650 864 ieiunaretur,
678 831 715 862 et
744 827 781 861 in
809 827 879 860 liae
907 826 995 861 doc-

286 886 387 920 trina
408 884 529 920 Roma
554 885 672 928 stetit,
696 888 845 919 ceterae
870 887 993 918 terrae

285 944 333 977 ab
369 954 414 978 ea
450 942 743 978 declinaverunt
779 941 814 975 II
847 942 903 981 51,
942 940 994 975 18.

287 1001 508 1034 Ambrosius
547 1010 630 1035 cum
669 999 828 1034 Romam
868 998 994 1034 venie-

285 1059 359 1101 bat,
391 1058 582 1092 iciunabat
611 1058 770 1092 sabbato
798 1056 831 1090 II
857 1056 913 1092 62.
940 1057 1015 1091 14*

287 1116 360 1153 161,
399 1117 430 1150 7:
469 1116 514 1155 cf.
549 1116 627 1157 364,
662 1116 694 1149 6.
730 1114 912 1149 Paulinus
946 1124 991 1148 ex

285 1174 457 1208 sollemni
493 1184 595 1208 more
627 1173 786 1207 Romam
820 1172 867 1207 ad
904 1182 993 1215 apo-

285 1232 467 1266 stolorum
509 1235 547 1266 et.
585 1233 795 1275 martyrum
836 1240 993 1265 venera-

284 1289 424 1323 tionem
466 1288 769 1323 anniversariam
809 1278 1014 1335 pergem&

286 1346 318 1379 ll
360 1347 436 1380 497.
481 1347 531 1380 15.
573 1346 650 1381 511.
694 1346 747 1380 21.
787 1345 992 1388 episcopus

285 1404 488 1438 Donatista
526 1404 563 1438 in
602 1404 693 1438 urbe
730 1403 851 1437 Roma
891 1402 993 1437 Mon-

284 1462 446 1496 tensium
476 1461 535 1496 vel
563 1460 853 1504 Cutzupitarum
882 1471 993 1495 voca-

283 1519 409 1553 bulum
459 1519 689 1562 propagavit
752 1518 784 1552 11
838 1519 913 1555 154,
961 1519 1013 1575 4..

284 1577 451 1621 quinque
496 1576 667 1620 episcopi
712 1586 836 1620 papae
880 1575 992 1609 Inno-

283 1634 409 1668 centio
445 1635 679 1678 scripserunt
720 1634 915 1668 audivisse
953 1631 1013 1667 se'

283 1703 366 1726 esse
393 1693 429 1727 in
454 1692 544 1726 urbe
569 1691 701 1728 Roma,
724 1691 787 1726 ubi
814 1691 991 1734 Pelagius

283 1749 347 1783 diu
381 1749 554 1784 vixisset.
589 1749 804 1783 nonnullos.
840 1748 903 1792 qui
938 1748 1013 1787 di-,

283 1808 405 1841 vorsis
430 1807 555 1841 causis
580 1807 613 1841 ei
638 1806 811 1841 faverent
836 1806 888 1839 ΙΙΙ
913 1806 990 1848 670,

283 1866 312 1898 7.
345 1865 481 1908 quibus
514 1864 711 1906 rescripsit
744 1863 991 1898 Innocentius

284 1922 511 1964 Pelagianos
575 1922 717 1956 Romae
777 1931 860 1957 esse
923 1930 990 1955 nec

282 1980 483 2014 ostendere
517 1990 555 2014 se
591 1990 702 2022 posse
737 1988 803 2013 nec
839 1989 1011 2021 negarat

283 2047 378 2071 cum.
421 2039 491 2072 etsi
535 2041 674 2072 essent.
715 2037 878 2071 laterent
921 2046 989 2070 nec

283 2094 465 2129 auderent
493 2094 688 2137 Pelagium
711 2094 771 2127 vel
796 2094 876 2128 eins
899 2094 1011 2139 dog:-¹

282 2158 382 2186 mata
420 2152 545 2195 palam
581 2151 787 2186 defendere
825 2151 877 2184 ΙΙΙ
913 2150 1011 2193 726,÷

282 2211 312 2243 4.
344 2209 480 2244 ibidem
508 2209 554 2244 de
584 2209 743 2243 basilica
771 2209 871 2243 beati
901 2218 1010 2260 apo-¹

283 2266 368 2300 stoli
414 2266 515 2301 Petri
557 2266 774 2301 cotidianae
818 2265 1010 2300 11111111011-1

283 2324 357 2357 tiae
433 2324 726 2367 proferebantur
802 2323 1010 2367 exempla*

282 2392 391 2424 quam
422 2387 566 2424 pestem
595 2381 737 2415 frustra
764 2391 878 2423 saepe
906 2370 1010 2428 essej

284 2437 508 2482 prohibitam
537 2439 588 2473 ait
617 2439 672 2473 A..
698 2438 798 2482 quod
826 2441 1010 2477 remotus}

281 2499 380 2530 esset
412 2495 519 2530 locus
552 2496 599 2530 ab
628 2495 800 2539 episcopi
832 2489 1009 2530 conver-¹

1082 423 1183 457 centi
1215 422 1229 456 I
1263 423 1338 467 101,
1370 423 1424 466 23,
1455 427 1643 468 cognatus
1675 423 1789 468 Alypi

1083 480 1096 513 Ι
1135 481 1210 523 100,
1247 480 1301 523 23,
1338 480 1379 515 Α.
1418 480 1638 515 carissimus
1673 485 1709 516 et
1744 481 1790 515 ab

1082 538 1234 573 ineunte
1266 537 1528 572 adulescentia
1558 537 1794 575 familiariter

1082 595 1335 630 amicissimus
1366 595 1379 628 1
1408 596 1463 638 99,
1494 596 1550 638 10,
1578 596 1624 636 cf.
1654 596 1708 639 11,
1738 597 1789 630 13.

1082 653 1136 695 99,
1181 654 1233 687 15.
1276 653 1318 687 A.
1362 653 1539 688 laudator
1582 653 1596 686 Ι
1640 654 1694 697 99,
1738 654 1788 687 17.

1082 710 1123 745 A.
1150 721 1292 754 magna
1318 710 1576 746 sollicitudine
1603 715 1638 746 et
1666 711 1787 755 ipsum

1080 772 1115 802 et
1149 768 1264 803 tilium
1297 769 1378 803 eius
1411 768 1571 803 Paulino
1602 778 1790 803 commcn-

1081 826 1187 860 davit
1217 825 1253 859 ΙΙ
1279 827 1310 869 7,
1342 826 1397 860 14:
1427 827 1473 867 cf.
1502 825 1518 860 I
1547 826 1622 870 101,
1654 827 1706 861 17.
1734 827 1788 860 223.

1081 884 1161 918 eius
1206 893 1343 918 nomen
1386 894 1468 918 esse
1512 884 1549 918 in
1592 883 1688 919 libro
1732 884 1788 918 ‘dc

1081 940 1276 985 religione‘
1314 941 1475 976 adnotat
1513 941 1555 976 Α.
1591 941 1607 975 I
1643 942 1697 978 99.
1736 942 1789 975 12.

1080 1002 1250 1033 mutuum
1286 998 1476 1034 habebant
1513 999 1609 1034 inter
1644 1010 1682 1034 se
1717 999 1791 1043 epi-

1081 1056 1265 1091 stularum
1301 1068 1409 1091 usum
1447 1057 1460 1090 Ι
1497 1058 1551 1095 36.
1586 1057 1616 1092 8.
1652 1067 1710 1100 ep.
1747 1057 1789 1091 15

1080 1114 1122 1149 A.
1168 1114 1205 1149 in
1249 1115 1468 1150 membrana
1514 1115 1696 1159 scriptam
1740 1115 1787 1149 ad

1079 1172 1359 1207 Romanianum
1395 1172 1512 1207 misit:
1552 1183 1637 1207 nam
1673 1172 1789 1207 tabel-

1079 1230 1134 1264 las
1163 1231 1363 1275 eburneas,
1389 1241 1484 1274 quas
1513 1230 1679 1273 baberet,
1707 1230 1788 1265 eius

1079 1288 1269 1322 avunculo
1300 1298 1383 1321 cum
1412 1287 1548 1322 litteris
1576 1298 1615 1322 se
1644 1288 1791 1322 misisse

1079 1345 1094 1379 Ι
1132 1345 1279 1380 3516.
1317 1356 1414 1390 quae
1453 1345 1607 1388 scripsit
1646 1345 1691 1380 de
1730 1355 1788 1380 ca-

1078 1403 1218 1437 tholica
1247 1403 1432 1447 religione
1460 1403 1698 1437 Romaniano
1725 1413 1788 1437 vo-

1079 1458 1177 1495 leba't
1234 1460 1384 1495 mittere
1438 1465 1526 1495 ante
1579 1461 1786 1495 adventum

1079 1529 1186 1553 suum
1222 1518 1236 1551 Ι
1268 1518 1323 1559 35,
1357 1518 1410 1552 21.
1444 1518 1590 1553 nescire
1625 1529 1663 1553 se
1695 1518 1786 1553 dicit

1078 1576 1121 1610 A.
1159 1576 1303 1620 aliquid
1341 1575 1422 1611 sive
1460 1576 1507 1610 ad
1545 1586 1686 1619 eornm,
1724 1575 1787 1621 qui

1078 1638 1185 1668 extra
1216 1633 1415 1668 ecelesiam
1448 1634 1508 1668 dei
1536 1638 1676 1670 essent.
1707 1634 1786 1667 sive

1077 1691 1126 1726 ad
1185 1701 1296 1725 aures
1357 1691 1514 1726 fratrum
1575 1691 1787 1734 scripsisse.

1078 1749 1177 1793 quod
1219 1748 1481 1783 Romanianus
1518 1759 1592 1783 non
1631 1749 1785 1784 liaberet

1078 1806 1092 1840 Ι
1126 1807 1179 1849 99,
1215 1807 1268 1841 23.
1304 1806 1431 1841 omnia
1465 1807 1577 1849 enim,
1611 1817 1708 1851 quae
1744 1807 1785 1840 A.

1077 1869 1166 1898 tune
1228 1864 1447 1906 scripserat.
1508 1864 1669 1899 habebat
1732 1874 1786 1899 se-

1077 1931 1236 1966 cumque
1296 1922 1470 1964 gestabat
1530 1928 1563 1956 et
1625 1921 1785 1956 Paulino

1077 1979 1240 2023 legenda
1281 1979 1450 2014 indicare
1492 1980 1616 2014 iussus
1653 1984 1709 2014 est
1751 1979 1784 2012 ΙΙ

1078 2038 1107 2074 7,
1145 2037 1175 2071 8.
1211 2036 1328 2071 libros
1366 2037 1422 2071 ‘de
1459 2037 1578 2071 libero
1615 2036 1784 2071 1111111111)ί

1076 2098 1139 2129 aut
1172 2104 1247 2128 non
1280 2094 1417 2129 habere
1449 2099 1512 2129 aut
1546 2104 1678 2128 omnes
1710 2104 1783 2128 non

1077 2151 1214 2187 babere
1242 2152 1284 2186 A.
1314 2152 1456 2186 sciebat
1486 2151 1519 2185 ΙΙ
1549 2153 1578 2188 7.
1606 2152 1637 2186 6.
1668 2162 1725 2195 cp.
1741 2152 1785 2185 27

1078 2209 1119 2244 A.
1168 2209 1430 2244 Romanianus
1483 2210 1529 2244 ad
1584 2209 1783 2243 Paulinum

1076 2266 1211 2301 detulit
1250 2266 1265 2300 Ι
1300 2267 1355 2308 99,
1394 2266 1445 2301 11.
1485 2266 1518 2300 11
1554 2267 1585 2303 7.
1624 2267 1674 2301 11.
1710 2266 1784 2300 Ro-

1076 2324 1254 2359 maniano
1303 2325 1445 2368 pariter
1494 2329 1529 2358 ct
1577 2324 1658 2358 cius
1708 2324 1784 2358 filio

1076 2381 1247 2416 Licentio
1294 2382 1475 2416 Paulinus
1521 2392 1637 2426 panes
1683 2381 1788 2425 quin-

1075 2450 1147 2483 que
1172 2438 1273 2474 misit
1298 2439 1333 2473 ΙΙ
1360 2440 1413 2482 11,
1437 2440 1468 2474 3.
1491 2449 1550 2483 ep.
1574 2439 1619 2473 32
1643 2450 1663 2474 a
1688 2438 1783 2473 Pau-

1074 2496 1150 2531 lino
1187 2497 1236 2531 ad
1270 2496 1550 2531 Romanianum
1587 2497 1679 2531 data
1715 2499 1783 2531 est.

282 2553 430 2587 satione
485 2558 523 2588 et
575 2553 613 2587 in
667 2557 776 2587 tanta
831 2553 989 2587 civitate
1008 2569 1009 2604 3
1028 2553 1058 2587 R
1073 2564 1095 2588 o
1110 2565 1144 2589 m
1161 2565 1182 2588 a
1198 2565 1221 2589 n
1237 2565 1259 2588 u
1275 2564 1311 2588 s:
1342 2554 1620 2597 Episcoporum
1647 2554 1784 2588 Roma-

282 2620 423 2653 magna
465 2614 567 2645 esset
610 2610 819 2645 carnalium
863 2605 1009 2645 multi-3

283 2666 373 2701 tudo
413 2666 620 2712 peregrinis
658 2667 892 2712 praesertim,
929 2662 1009 2725 qui,

282 2724 371 2758 novi
421 2723 581 2759 subinde
632 2724 819 2767 venirent,
882 2728 989 2759 tanto

281 2781 488 2818 violentius
514 2785 657 2828 quanto
685 2781 860 2818 inscitius
887 2781 989 2817 illam

1075 2622 1145 2647 nae
1186 2611 1371 2647 ecclesiae
1410 2611 1504 2646 ordo
1556 2611 1572 2645 Ι
1613 2611 1688 2654 153,
1729 2610 1782 2645 12.

1075 2669 1112 2703 in
1136 2668 1312 2704 Romana
1334 2668 1495 2704 ecclesia
1522 2678 1671 2712 semper
1692 2679 1782 2712 apo-

1076 2726 1233 2762 stolicae
1276 2726 1482 2761 cathedrae
1521 2725 1644 2770 viguit
1687 2725 1785 2770 prin-

1075 2783 1224 2829 cipatus
1257 2783 1291 2818 II
1321 2783 1377 2828 90,
1409 2783 1445 2827 93
1478 2783 1524 2824 cf.
1558 2782 1610 2817 III
1642 2782 1720 2826 701,
1749 2782 1784 2817 5.
