2078 3054
303 144 356 185 28
935 154 1075 194 Index
1102 153 1176 187 III.

303 273 379 306 410.
416 271 559 315 scripta
583 270 698 315 igitur
720 270 873 305 videtur
897 269 1064 313 epistula
1085 269 1127 303 91
1153 279 1281 304 mense
1307 269 1482 314 Augusto
1506 280 1538 304 a.
1563 269 1631 304 408
1656 274 1720 304 aut
1745 270 1812 305 409

302 333 341 381 et
363 329 477 373 paulo
500 333 589 363 ante
613 338 742 363 mense
765 327 875 363 Iunio
898 327 960 362 vel
984 326 1081 362 Iulio
1107 326 1275 371 epistula
1297 327 1352 362 90.

440 397 617 441 Epistula
655 397 701 432 92
738 397 787 432 ad
829 396 1002 431 Italicam
1040 396 1195 441 quando
1234 397 1379 441 scripta
1418 398 1476 443 sit,
1517 397 1548 432 si
1590 396 1810 442 perquirere

300 455 480 497 volueris,
508 454 729 489 adiumento
758 455 831 490 erit
859 453 1027 497 epistula
1052 453 1098 488 99
1126 453 1216 489 item
1246 454 1295 489 ad
1324 453 1497 489 Italicam
1526 455 1630 490 data.
1670 454 1709 489 in
1740 454 1811 488 hac

301 513 398 548 enim
426 512 550 556 prima
571 511 716 547 Romae
741 512 912 548 obsessio
939 513 1009 547 sub
1035 511 1148 547 finem
1174 512 1266 546 anni
1294 512 1361 547 408
1389 512 1436 547 ab
1461 512 1616 547 Alarico
1641 512 1746 547 facta
1769 516 1811 546 ut

299 581 359 605 res
384 570 595 605 novissima
619 569 867 615 significatur,
893 570 1001 604 cuius
1024 573 1116 604 tunc
1140 570 1309 606 nondum
1335 570 1500 614 amplius
1525 581 1638 615 quam
1664 570 1811 605 incerta

300 628 401 662 fama
425 627 641 672 Hipponem
668 627 953 672 pervenisset.¹)
993 631 1177 673 quantum
1202 632 1329 662 autem
1356 628 1541 671 temporis
1567 627 1666 663 inter
1689 631 1812 662 utras-

299 696 370 729 que
398 686 547 721 litteras
574 685 846 730 intercesserit,
874 685 1092 720 accuratius
1120 685 1221 721 unde
1249 685 1418 720 conicias
1446 695 1523 720 non
1551 685 1709 721 habebis
1737 684 1811 720 nisi

299 754 345 777 ex
366 754 422 783 eo,
443 743 545 788 quod
564 743 602 778 in
624 743 690 778 illa
711 743 951 789 Augustinus
971 743 1144 778 Italicam
1168 743 1215 778 de
1238 747 1360 778 morte
1381 743 1556 788 coniugis
1577 742 1811 786 consolatur,

299 800 334 835 in
365 800 434 835 hac
463 800 545 836 eius
573 800 839 844 parvulos
869 800 1055 836 resalutat
1083 804 1121 836 et
1152 800 1190 836 in
1220 800 1373 836 Christo
1402 801 1658 846 grandescere
1686 804 1809 844 optat..

298 861 499 901 praeterea
533 859 631 894 duas
668 858 820 894 interim
856 858 907 894 ab
942 857 1079 893 Italica
1114 858 1266 902 accepit
1302 857 1489 903 epistulas
1525 858 1698 903 alteram,
1735 869 1811 904 qua

299 915 464 958 priorem
500 915 708 960 Augustini
744 916 962 960 epistulam,
998 916 1133 951 id'est
1169 925 1229 960 ep.
1256 915 1303 951 92
1338 915 1563 960 pervenisse
1603 915 1811 959 indicabat,

300 973 470 1018 alteram,
515 984 613 1019 quae
655 974 1051 1009 benivolentissimam
1095 983 1164 1018 pro
1207 984 1253 1009 eo
1297 984 1426 1009 curam
1470 974 1704 1019 continebat,
1748 974 1809 1008 cui

297 1040 523 1074 responsum
551 1035 609 1066 est
635 1031 804 1076 epistula
826 1031 914 1076 995²)

436 1099 521 1135 Una
552 1110 637 1136 cum
669 1100 837 1145 epistula
870 1100 915 1135 92
949 1100 1066 1136 missa
1099 1104 1156 1136 est
1192 1101 1360 1145 epistula
1392 1101 1437 1135 92
1451 1101 1499 1145 A;
1532 1100 1571 1135 in
1604 1100 1675 1135 hac
1709 1099 1809 1135 enirn

298 1157 536 1203 Augustinus
559 1157 795 1203 Cyprianum
819 1159 1085 1204 presbyterum
1111 1163 1234 1204 rogat,
1258 1163 1299 1195 ut
1324 1157 1428 1194 illam
1452 1159 1502 1194 ad
1528 1157 1701 1194 Italicam
1727 1158 1808 1203 ipse

297 1215 537 1258 perferre-ne
563 1220 758 1261 gravetur.

435 1284 479 1319 In
500 1284 668 1329 epistula
687 1285 732 1320 93
754 1285 994 1330 Augustinus
1015 1285 1062 1320 de
1084 1285 1235 1331 legibus
1256 1285 1425 1331 loquitur
1447 1296 1577 1321 mense
1600 1286 1807 1321 Februario

295 1351 329 1376 a.
353 1341 421 1377 405
444 1342 483 1377 in
508 1340 735 1378 Donatistas
758 1342 1023 1388 constitutis,³)
1051 1352 1136 1378 cum
1164 1353 1229 1379 eas
1253 1343 1478 1387 comprobat
1504 1353 1808 1389 prosperumque

294 1403 474 1435 eventum
510 1399 767 1446 laudat,ssquo
805 1400 948 1436 factum
985 1404 1099 1445 esset,
1137 1405 1178 1436 ut
1214 1401 1420 1436 multorum
1458 1401 1533 1436 iam
1569 1401 1807 1437 correctione

293 1456 457 1492 ecelesia
482 1457 680 1503 gauderet,
705 1457 769 1503 qui
796 1458 986 1493 veraciter
1015 1458 1203 1494 unitatem
1230 1458 1457 1494 catholicam
1487 1462 1663 1495 tenerent
1692 1463 1806 1504 atque

292 1514 547 1550 defenderent
569 1519 607 1551 et
625 1526 648 1550 a
667 1515 832 1560 pristino
851 1525 979 1552 errore
1001 1526 1040 1552 se
1060 1515 1244 1552 liberatos
1264 1527 1348 1552 esse
1368 1516 1647 1561 laetarenturf)
1682 1527 1806 1562 neque

294 1571 379 1607 illos
402 1575 469 1608 aut
491 1572 577 1608 illos
600 1572 773 1609 homines
797 1573 865 1608 sed
888 1573 1028 1609 multas
1051 1573 1243 1619 civitates,
1267 1584 1364 1619 quae
1389 1574 1544 1609 fuerunt
1567 1573 1807 1619 Donatistae,

292 1634 383 1666 tunc
407 1641 491 1666 esse
516 1631 737 1676 catholicas,
765 1632 951 1667 detestari
978 1632 1226 1668 vehementer
1252 1632 1481 1669 diabolicam
1510 1633 1806 1678 separationem,

291 1687 453 1733 diligere
476 1689 656 1724 ardenter
676 1688 908 1734 unitatem.⁵)
945 1689 1048 1735 quod
1070 1689 1311 1735 Augustinus
1333 1690 1536 1726 adfirmare
1558 1695 1601 1726 ut
1624 1691 1804 1736 potuerit,

292 1756 338 1781 ex
361 1756 436 1791 quo
457 1745 544 1782 illae
565 1745 670 1792 leges
691 1747 958 1792 promulgatae
983 1751 1083 1793 sunt,
1103 1758 1220 1783 unum
1246 1753 1312 1783 aut
1336 1748 1497 1784 alterum
1519 1759 1661 1784 annum
1682 1752 1806 1784 trans-

291 1802 368 1839 isse
397 1813 482 1839 cum
512 1813 669 1840 necesse
700 1804 760 1849 sit,
790 1804 958 1848 epistula
986 1808 1076 1841 ante
1105 1816 1249 1841 annum
1280 1807 1348 1841 407
1378 1806 1492 1842 scribi
1523 1806 1695 1851 potuisse
1728 1817 1804 1842 non

291 1860 456 1896 videtur.
507 1862 603 1897 alter
639 1867 767 1898 autem
803 1862 1001 1908 terminus,
1038 1867 1126 1907 post
1162 1875 1274 1910 quem
1311 1864 1479 1908 epistula
1513 1874 1592 1900 non
1629 1865 1680 1900 sit
1718 1875 1805 1899 con-

290 1917 467 1963 locanda,
492 1919 567 1954 nisi
592 1930 640 1955 ex
668 1920 820 1955 silentio
849 1921 967 1956 statui
997 1921 1140 1966 nequit.
1180 1922 1321 1957 etenim
1351 1932 1436 1957 cum
1463 1922 1704 1968 Augustinus
1731 1921 1805 1956 Do-

290 1975 519 2011 natistarum
550 1987 705 2012 causam
735 1977 851 2024 longo
882 1988 1056 2014 sermone
1086 1983 1269 2023 exponat,
1298 1979 1379 2014 fieri
1410 1990 1486 2014 non
1517 1980 1654 2024 potuit,
1685 1983 1727 2015 ut
1757 1979 1804 2015 de

292 2032 510 2069 conlatione
531 2033 827 2080 Carthaginensi
849 2036 975 2071 medio
997 2046 1098 2071 anno
1120 2036 1185 2070 411
1208 2036 1339 2072 habita
1362 2041 1520 2082 taceret,
1543 2037 1574 2072 si
1598 2037 1803 2082 epistulam

291 2093 379 2133 post
405 2101 439 2125 a.
467 2091 536 2126 410
565 2092 797 2137 scripsisset.
837 2093 929 2138 quin
957 2093 1073 2129 etiam
1101 2098 1191 2137 post
1217 2105 1251 2129 a.
1277 2094 1345 2130 408
1373 2095 1439 2130 vix
1469 2095 1689 2143 ponendam
1719 2104 1803 2130 esse

290 2148 516 2184 censuerim.
556 2148 739 2186 Stilicone
765 2150 866 2186 enim
891 2162 1021 2186 mense
1049 2151 1224 2196 Augusto
1251 2152 1352 2187 illius
1381 2153 1472 2188 anni
1498 2152 1701 2188 interfecto
1731 2152 1804 2188 Do-

291 2205 456 2241 natistae
484 2206 612 2242 denuo
641 2217 681 2243 se
708 2207 920 2253 erigebant,
946 2209 1052 2254 leges
1081 2213 1217 2244 contra
1245 2219 1284 2245 se
1312 2209 1413 2245 latas
1446 2210 1520 2246 iam
1549 2210 1644 2245 nihil
1673 2210 1802 2246 valere

290 2261 584 2299 arbitrabantur.
599 2267 637 2299 et
662 2265 870 2310 iactabant,
894 2266 1103 2302 mendaciis
1128 2268 1249 2302 totam
1275 2266 1444 2302 Africam
1469 2267 1720 2312 implebant.⁶)
1756 2267 1803 2303 de

291 2331 367 2366 qua
384 2332 424 2357 re
446 2321 590 2357 nullum
611 2326 671 2358 est
690 2323 917 2367 inepistula
936 2325 981 2360 93
1001 2324 1196 2370 indicium,
1218 2336 1448 2371 quamquam
1469 2326 1517 2361 de
1542 2326 1617 2361 illis
1637 2326 1802 2362 maxime

289 2377 438 2424 legibus
464 2378 678 2415 disseritur.
715 2380 845 2426 itaque
873 2381 1055 2426 scriptam
1081 2393 1165 2418 esse
1192 2382 1290 2418 hanc
1317 2382 1522 2427 epistulam
1551 2383 1653 2419 intra
1679 2387 1801 2419 annos

430 2516 459 2560 ¹)
487 2525 523 2560 p.
549 2516 628 2562 533,
657 2517 827 2563 14434,
856 2519 888 2553 4.
1080 2519 1111 2563 2)
1139 2529 1175 2563 p.
1202 2520 1281 2563 533,
1307 2520 1433 2555 7—14.

429 2573 458 2618 ³)
488 2583 523 2618 p.
565 2574 645 2620 464,
688 2575 816 2620 1-133
860 2576 939 2621 447,
984 2576 1041 2620 12;
1085 2577 1163 2622 462,
1207 2577 1266 2621 24;
1311 2577 1389 2622 471,
1435 2579 1471 2622 8;
1515 2578 1595 2623 493,
1640 2578 1697 2622 133
1742 2578 1800 2621 22;

291 2630 338 2665 cf.
363 2630 553 2667 Theodos.
575 2632 640 2673 lib.
666 2631 756 2668 XVI
778 2633 810 2678 6,
834 2634 866 2668 4.

429 2687 459 2733 ⁴)
487 2698 525 2733 p.
548 2689 627 2735 445,
653 2690 800 2725 15—17.
985 2690 1015 2736 ⁶)
1043 2700 1079 2734 p.
1104 2692 1183 2737 461,
1208 2692 1358 2736 11—143
1384 2693 1462 2738 462,
1491 2693 1591 2728 1-6.

429 2746 457 2791 ⁸)
487 2746 534 2782 cf.
568 2757 628 2792 ep.
662 2747 708 2783 97
741 2757 777 2793 p.
809 2748 889 2794 517,
924 2748 1076 2793 13—19;
1112 2759 1171 2794 ep.
1209 2750 1276 2785 100
1310 2760 1346 2795 p.
1380 2750 1460 2795 538,
1495 2750 1600 2795 2-43
1638 2760 1697 2795 ep.
1733 2750 1800 2785 105

291 2810 327 2845 p.
350 2799 484 2848 599‚‘3.
