2078 3054
862 137 1004 175 Index
1031 136 1094 174 VI.
1670 121 1752 166 369

206 255 650 291 fabricazaedificium:
701 255 816 299 ligna,
865 262 963 298 quae
997 252 1231 288 faeculentia
1287 253 1446 288 collecta
1507 252 1540 286 II
1598 253 1676 295 619,
1734 252 1755 286 2

253 313 290 347 in
317 323 427 348 arcae
457 313 638 347 fabricam
667 315 847 356 coaptata
874 313 964 345 sunt

252 370 303 405 III
334 371 413 414 536,
445 371 498 404 17.

207 428 345 462 facere:
395 438 518 462 meum
568 437 707 461 nomen
754 426 802 460 ad
851 434 962 460 aures

252 490 338 519 tuas
375 484 514 519 Urbani
550 488 587 519 et
623 483 764 518 Novati
798 482 963 527 benigna

253 552 343 586 erga
391 552 447 576 me
494 540 620 585 gratia
665 540 828 575 faciente
874 542 962 584 (pro

252 599 324 633 abl.
372 600 530 641 causae)
577 597 761 642 perlatum
808 601 867 632 est
912 597 962 630 IV

252 657 330 699 499,
368 657 388 689 3
429 656 565 699 (Dan).
604 677 651 681 —
688 654 875 698 *domine,
916 663 962 688 ne

252 713 364 758 longe
394 713 528 747 feceris
560 714 614 755 (t
631 711 831 755 averteris)
859 710 963 745 auxi-

251 770 342 804 lium
376 773 483 804 tuum
518 770 570 804 111
608 770 684 812 189,
718 770 750 804 8.
784 769 845 803 vel
881 778 963 813 pro-

253 827 435 872 pinquare
463 827 525 861 vel
554 827 666 871 longe
695 826 775 861 fieri
803 826 855 860 ΙΙΙ
884 826 964 868 204,

251 885 283 919 3.
333 905 379 908 —
428 894 513 919 cum
562 894 648 928 yen.
699 894 817 928 poss„-
868 892 963 927 quos

253 942 364 976 etiam
392 942 502 976 unius
530 940 833 986 participationis
861 940 964 974 vitae

253 1003 431 1033 aeternae
463 999 587 1033 facere
619 997 775 1032 volebat
804 997 855 1031 IV
881 998 964 1041 555,

253 1057 285 1090 9.
307 1077 353 1080 —
378 1056 498 1099 (male,
521 1058 635 1099 recte,
658 1055 815 1100 optime)
838 1055 964 1089 facere

255 1123 339 1147 cum
379 1113 461 1153 ints
502 1113 564 1157 qui
605 1123 671 1157 per
713 1112 830 1147 falsos
872 1112 963 1146 deos

255 1170 326 1204 sibi
365 1170 480 1204 iurari
519 1170 610 1205 fecit
649 1169 683 1204 II
723 1170 801 1213 130,
840 1169 894 1203 22.
934 1170 964 1203 si

254 1228 350 1262 male
372 1228 470 1262 facio
493 1227 567 1262 ista
586 1227 811 1272 corrigenda
832 1237 963 1262 curare

255 1284 287 1318 ΙΙ
314 1285 369 1325 29,
396 1285 450 1318 20.
477 1288 580 1319 recte
607 1284 701 1319 facis
729 1284 828 1318 mala
854 1284 965 1319 huius

255 1342 383 1376 mundi
416 1341 629 1376 tolerabilia
659 1341 796 1376 ducere
828 1341 880 1376 III
911 1342 966 1376 78.

255 1400 290 1441 83
336 1399 382 1439 cs.
428 1398 505 1442 257,
553 1400 606 1432 14.
653 1398 794 1442 optime
840 1398 966 1432 facitis

256 1456 364 1499 lupos
406 1455 634 1490 cavere-IV
672 1456 752 1499 532,
791 1456 845 1489 27.
885 1466 965 1490 scle-

257 1513 413 1556 pe'sse'me
443 1513 569 1548 facere
599 1523 684 1547 cnm
713 1523 789 1547 acc.
819 1516 855 1547 et
886 1513 967 1553 inf:

258 1570 441 1604 faciamus
462 1570 614 1604 codices
636 1570 841 1604 canonicos
863 1579 968 1614 prae-

258 1631 316 1662 sto
345 1637 427 1662 esse
458 1627 491 1661 II
522 1627 598 1663 121.
628 1628 680 1661 17.
711 1626 850 1661 *solem
879 1626 968 1661 oriri

258 1684 350 1718 facit
376 1695 489 1729 super
516 1683 636 1718 bonos
664 1687 702 1718 et
728 1684 846 1719 malos
874 1684 967 1718 deus

261 1741 291 1775 ll
331 1743 406 1777 178.
441 1743 472 1776 5.
509 1741 690 1786 quicquid
726 1742 815 1775 mibi
853 1741 970 1784 scrip-

259 1799 364 1842 seris,
392 1799 440 1833 ad
467 1809 525 1833 me
554 1799 712 1842 primum
741 1788 860 1833 facias
888 1809 968 1843 per-

258 1856 387 1891 venire
423 1856 455 1889 ΙΙ
489 1856 567 1892 262.
601 1857 623 1890 8
656 1855 805 1899 (Hier.).
839 1857 886 1890 al.

213 1913 329 1948 facies
354 1913 515 1948 hominis
540 1913 782 1948 adtendentis
808 1914 844 1947 in
869 1913 968 1948 latus

258 1970 409 2013 (l'rofe‘l)
452 1970 486 2004 Il
531 1970 608 2014 220,
653 1970 707 2005 22.
752 1971 788 2004 in
833 1970 968 2005 faciem

259 2037 417 2071 arguere
445 2027 479 2061 II
505 2027 584 2070 289,
612 2027 654 2061 12
680 2027 830 2071 (men),
858 2027 969 2062 *resi-

259 2087 358 2118 stere
384 2084 417 2118 II
442 2084 519 2128 295,
546 2085 578 2118 6.
602 2085 682 2127 355,
708 2085 751 2119 16
775 2086 822 2119 al.
848 2084 968 2119 *facie

258 2141 306 2175 ad
335 2141 471 2175 faciem
500 2141 630 2177 videre
660 2141 693 2175 II
723 2142 801 2185 439,
831 2143 883 2176 11.
914 2142 968 2176 14.

260 2198 309 2231 Ill
345 2198 423 2241 286,
458 2199 474 2232 1
510 2199 569 2240 (ιΙ.,
603 2198 706 2243 loqui
740 2198 791 2232 III
825 2199 903 2242 286,
938 2200 968 2233 4.

260 2254 338 2298 294,
370 2256 400 2290 1.
433 2255 477 2289 20
506 2256 554 2290 al.

216 2317 512 2353 lacilezforte:
556 2329 601 2353 ne
644 2318 754 2353 facile
798 2319 971 2362 perveni-

260 2379 317 2409 ret
343 2375 392 2409 ad
417 2386 545 2410 aurem
574 2375 785 2420 presbyteri
814 2376 865 2411 III
891 2377 969 2420 495,

262 2431 305 2466 27
356 2433 524 2475 (Evod.).
577 2443 612 2468 v.
665 2433 819 2468 difficile
839 2434 971 2477 xvix,

260 2499 385 2535 aegre.

216 2551 378 2587 facultas
433 2552 611 2588 tribuitur
664 2564 749 2588 cum
803 2555 885 2596 infit
939 2554 969 2588 si

261 2608 350 2643 mibi
388 2609 438 2644 sit
474 2611 593 2645 otium
631 2610 872 2655 facultasque
908 2611 970 2645 tri-

261 2663 398 2701 buatur
447 2667 495 2702 ad
544 2667 695 2711 singula
741 2668 970 2712 respondere

261 2721 312 2757 IV
341 2723 420 2766 567,
449 2725 482 2759 3.

216 2778 440 2814 facultatula
469 2780 519 2814 III
548 2781 604 2825 26,
631 2781 663 2815 7.

285 2845 379 2872 Lv111.
403 2847 588 2878 Augustinus.
612 2847 868 2878 (Goldbncher)

1045 310 1155 354 (Ray.
1185 310 1319 352 cona).

998 367 1135 402 faenea
1172 367 1336 412 quadam
1375 367 1637 411 temporaliter
1676 367 1756 401 feli-

1046 424 1162 459 citate
1190 424 1323 459 florere
1352 424 1405 458 111
1434 425 1510 468 165,
1539 425 1591 459 11.

999 481 1091 515 falli:
1120 481 1157 515 in
1183 481 1219 515 id
1245 481 1404 525 quisque
1431 481 1573 515 fallitur
1600 481 1649 515 111
1675 482 1755 524 687,

1048 539 1100 573 13.

1000 595 1137 630 falsare
1175 595 1375 640 epistulam
1412 596 1445 630 II
1480 596 1559 638 410,
1597 596 1638 629 18
1673 596 1757 639 (im-

1046 656 1166 697 perat.
1203 654 1309 697 litt.);
1347 654 1392 693 cs.
1430 653 1462 687 ΙΙ
1498 654 1576 695 356,
1617 654 1668 687 18.
1706 652 1754 686 lll

1045 711 1124 754 697,
1152 711 1205 744 10.

1001 767 1150 802 falsitas
1178 774 1279 812 (opp.
1303 768 1463 812 veritas)
1490 768 1523 801 ll
1547 768 1603 811 20,
1625 768 1656 802 9.
1682 768 1757 810 134,

1046 825 1100 858 21.
1128 825 1208 868 374,
1239 825 1282 858 16
1311 825 1357 859 al.
1387 826 1469 859 sim.

1000 871 1137 916 falsum
1190 882 1330 916 facere:
1383 882 1582 916 confessus
1634 882 1757 916 fuerat

1047 939 1183 973 falsum
1214 950 1253 974 se
1284 939 1422 974 fecisse
1449 940 1635 974 adversus
1666 939 1758 973 Feli-

1047 1007 1127 1030 cem
1158 997 1209 1030 Ill
1238 997 1315 1040 243,
1345 997 1399 1030 20.

1001 1053 1156 1088 famula:
1199 1054 1350 1088 famulis
1393 1053 1682 1098 famulabusque
1726 1054 1756 1087 ll

1046 1112 1102 1154 33,
1129 1111 1183 1145 24.

1001 1168 1169 1213 fatigari:
1198 1169 1285 1203 nolo
1314 1178 1441 1203 senem
1468 1169 1515 1203 ad
1544 1179 1612 1203 nos
1641 1179 1758 1213 usque

1048 1226 1250 1272 fatigatum
1291 1226 1373 1261 sine
1411 1226 1549 1261 effectu
1589 1226 1637 1260 ad
1677 1236 1759 1270 pro-

1049 1284 1131 1327 pria
1165 1294 1333 1318 remeare
1370 1284 1420 1318 IV
1453 1284 1533 1327 348,
1568 1284 1622 1318 29.

1002 1340 1160 1376 fatuitas
1192 1341 1245 1375 111
1274 1342 1353 1385 570,
1386 1341 1440 1375 12.

1004 1398 1081 1432 fere
1098 1413 1137 1426 z
1154 1398 1274 1432 velut:
1301 1398 1487 1432 *seminas
1512 1398 1652 1432 nudum
1678 1408 1760 1443 gra-

1050 1455 1259 1490 num'fere
1300 1455 1428 1499 (Vuly.
1471 1460 1511 1490 ut
1553 1460 1657 1499 put-a,
1699 1456 1761 1489 (Ir.

1049 1513 1078 1551 εἰ
1118 1512 1238 1565 τύχοι)
1294 1513 1410 1548 tritici
1473 1517 1539 1548 aut
1600 1513 1761 1547 alicuius

1051 1574 1262 1605 ceterorum
1294 1571 1345 1604 IV
1374 1571 1452 1615 328,
1482 1571 1513 1605 9.
1541 1571 1620 1615 338,
1652 1571 1703 1605 11.

1005 1627 1251 1662 feriazdies
1307 1627 1568 1663 hebdomadis:
1625 1632 1761 1672 quarta

1051 1685 1211 1728 sabbati,
1261 1696 1372 1729 quam
1422 1685 1537 1730 vulgo
1587 1690 1759 1729 quarta-m

1051 1741 1183 1776 feriam
1221 1747 1364 1777 vocant
1401 1743 1434 1776 ΙΙ
1471 1743 1528 1784 59,
1567 1743 1623 1786 19;
1662 1744 1708 1784 cf.
1748 1743 1761 1776 l

1052 1800 1128 1843 114,
1160 1800 1213 1833 19.
1244 1800 1276 1834 lI
1309 1801 1384 1843 165,
1415 1800 1436 1833 2
1466 1801 1664 1844 (Iamlam.

1005 1856 1238 1892 ferramenta
1267 1857 1510 1892 medicinalia
1540 1858 1591 1892 lV
1621 1858 1700 1901 638,
1734 1859 1762 1891 1.

1005 1914 1217 1949 ferventius
1256 1915 1383 1949 unit-as
1422 1915 1642 1950 Christiana
1680 1925 1764 1959 pro-

1053 1971 1143 2007 fecit
1171 1971 1223 2005 IV
1250 1973 1304 2016 28,
1331 1973 1385 2007 24.

1006 2030 1167 2064 fervere:
1229 2030 1359 2065 ferveo
1419 2034 1522 2065 totus
1583 2031 1620 2064 in
1680 2030 1763 2065 illos

1054 2086 1198 2130 (libros)
1223 2087 1238 2121 Ι
1262 2088 1318 2131 95,
1342 2088 1363 2122 5
1389 2088 1557 2129 (Licentz'
1580 2089 1762 2129 carmen).

1007 2143 1224 2179 festinatius
1289 2148 1326 2179 et
1390 2145 1649 2179 festinantius:
1715 2145 1763 2179 ad

1052 2200 1137 2236 loca
1184 2202 1389 2237 munitiora
1435 2202 1652 2237 festinatius
1700 2203 1764 2236 mi-

1052 2262 1166 2303 grant
1193 2259 1227 2293 II
1257 2260 1335 2303 743,
1365 2259 1418 2293 24.
1449 2259 1487 2293 in
1516 2259 1600 2294 aliis
1631 2259 1765 2303 (libris)

1053 2316 1298 2351 festinantius
1346 2316 1459 2351 editis
1508 2317 1559 2351 llI
1606 2317 1684 2359 257,
1732 2318 1764 2350 5.

1055 2372 1367 2408 festinantissime
1434 2374 1664 2418 respondere
1731 2374 1764 2407 ll

1052 2430 1131 2474 513,
1161 2431 1215 2465 15.

1008 2487 1170 2522 festinus
1204 2488 1256 2521 III
1289 2489 1366 2532 379,
1403 2489 1454 2524 18.

1006 2544 1109 2579 fictio
1141 2554 1176 2579 v.
1208 2544 1349 2579 finctio.

1007 2606 1191 2642 ficulneae
1242 2607 1386 2642 arboris
1438 2608 1660 2652 magnitudo
1712 2608 1763 2642 Ill

1055 2664 1132 2708 106,
1180 2665 1233 2699 10.
1282 2664 1432 2700 *videte
1480 2665 1679 2700 ficulneam
1727 2668 1765 2698 et

986 2743 988 2782 Ε
1053 2731 1184 2756 omnes
1215 2721 1368 2757 arbores
1400 2722 1451 2756 lV
1481 2722 1559 2766 280,
1589 2722 1644 2756 23.

986 2783 1206 2831 {fidedictor
1236 2784 1268 2818 ll
1295 2785 1374 2829 528,
1403 2785 1445 2818 17
1472 2785 1643 2828 (Bonis.).

1489 2853 1531 2886 24
