2078 3054
945 110 1087 146 Index
1113 109 1156 145 V.

327 229 482 264 missum
506 228 558 262 IV
579 227 658 271 389,
684 226 736 261 16.
760 231 798 262 et
820 225 1032 269 posteriore

325 286 487 320 concilio
523 285 695 329 plenario
729 284 847 318 totius
882 282 1032 317 Africae

326 348 461 378 contra
499 342 661 377 eundem
702 342 824 385 ipsum
867 351 1031 375 errorem

326 401 455 446 aliqua
492 400 659 435 breviter
698 403 787 434 sunt
823 398 1033 433 constituta

327 458 377 491 lv
425 458 504 502 389,
554 457 607 491 18.
656 466 815 501 quorum
864 456 1031 490 omnium

326 515 501 559 exempla
536 515 577 549 A.
611 514 659 549 ad
694 514 937 548 Valentinum
972 513 1033 547 al»-

326 574 450 607 batem
484 572 587 607 misit
621 572 670 605 lv
705 573 782 609 389,
819 572 874 613 16;
910 581 1034 605 exem-

327 630 429 674 plum
477 630 665 673 rescripti,
712 629 811 674 quod
863 628 1034 662 Zosimus

326 688 373 722 ad
404 687 604 722 universos
633 687 836 730 episcopos
864 685 1033 728 dederat,

327 746 374 780 ad
406 747 586 788 (thatum
616 755 765 789 quoque
794 743 843 777 IV
876 744 952 789 157,
981 743 1034 778 19.

327 802 506 847 Pelagius
559 807 596 837 et
650 800 874 845 Caelestius,
928 800 1034 844 impii

326 859 517 905 dogmatis
577 863 789 893 assertores
849 857 1034 893 acerrimi,

328 917 471 952 recenti
506 917 645 952 iudicio
680 916 741 951 dei
774 926 841 960 per
876 915 1035 960 diligen-

328 979 384 1009 tes
412 979 450 1010 et
479 974 609 1009 fideles
638 984 769 1009 servos
799 974 880 1008 eius
908 973 1035 1008 catho-

327 1033 401 1067 lica
447 1031 713 1067 communione
762 1031 902 1075 privati
949 1034 1037 1066 sunt

328 1094 364 1124 et
393 1091 590 1125 etiamtum
623 1090 659 1124 iu
691 1100 760 1123 sua
789 1089 1057 1142 damnatione,

329 1148 587 1191 persistebant
618 1147 670 1181 IV
704 1147 780 1190 220,
815 1146 868 1180 25.
904 1145 1056 1180 audita'

330 1206 460 1252 Pelagi
499 1207 758 1250 damnatione,
798 1206 861 1251 qui
902 1205 1057 1254 fuisset(

330 1264 506 1307 pertinax
550 1270 587 1299 et
630 1264 812 1299 resistens
854 1256 1057 1299 haeretioi‘

328 1321 520 1366 dogmatis
552 1328 685 1356 auctor
718 1322 908 1365 inventus,
940 1326 1037 1356 cete-

330 1389 391 1412 ros
445 1379 554 1414 facile
608 1379 748 1424 corrigi
800 1379 1033 1414 existimavit

333 1436 577 1471 Innocentius
618 1436 670 1470 ΙΙΙ
710 1436 787 1481 726,
827 1437 879 1471 11.
932 1437 1037 1470 Pela-

329 1494 431 1536 gium
493 1494 799 1539 Caelestiumque
861 1494 1057 1538 ecclesia-1

330 1551 426 1585 stica
456 1552 721 1586 communione
753 1552 896 1596 privari
929 1552 1057 1603 Inno-¹

330 1609 478 1643 centius
521 1609 723 1653 apostolici
766 1610 911 1654 vigoris
952 1620 1037 1644 auc-

329 1666 484 1701 toritate
531 1667 691 1710 censuit,
738 1667 859 1701 donec
907 1667 1038 1710 resipi-

331 1728 481 1758 scerent
513 1724 559 1760 de
592 1724 734 1759 diaboli
769 1724 927 1768 laqueis,
959 1735 1038 1759 eos-

331 1792 403 1825 que
435 1781 583 1816 interim
616 1781 807 1815 dominico
840 1782 933 1816 ovili
963 1793 1059 1826 non¹

332 1838 449 1882 recipi
493 1838 545 1872 Ill
590 1839 667 1883 721,
708 1840 743 1874 3:
800 1840 845 1880 (Ἰ.
889 1839 966 1883 722,
1007 1841 1059 1873 4η

331 1895 441 1930 simul
479 1896 686 1940 praecepit,
723 1903 775 1940 ut,
811 1897 1038 1941 quicumque

331 1953 489 1988 eandem
539 1954 751 1988 doctrinam
806 1954 1038 1989 defensitare

332 2010 554 2055 niterentur,
615 2022 683 2054 par
743 2022 807 2046 eos
869 2011 1040 2046 vindicta

332 2068 610 2113 constringeret
649 2069 701 2102 ΙΙΙ
736 2069 813 2113 721,
850 2070 900 2104 12.
934 2069 1060 2115 Pela-4

332 2125 417 2168 gius
458 2131 495 2160 et
536 2126 748 2161 Caelestius
790 2137 912 2162 novae
954 2119 1060 2167 hac—¹⁴¹

334 2183 427 2218 resis
480 2183 541 2217 vel
594 2188 770 2218 auctores
823 2184 882 2219 vel
938 2175 1060 2219 cer1e³

331 2240 504 2275 acerrimi
552 2241 816 2286 notissimique
864 2252 1060 2276 suasores:

333 2297 578 2333 conciliorum
626 2298 901 2341 episcopalium
945 2287 1061 2347 vigi-³>

333 2354 452 2389 lantia
498 2356 544 2389 ab
590 2355 814 2390 Innocentio
859 2366 961 2400 papa
1004 2360 1061 2390 et:

334 2411 494 2448 Zosim0.
520 2413 592 2447 nisi
618 2414 778 2447 correcti
804 2413 918 2448 etiam
944 2399 1061 2468 egis-J

334 2474 416 2503 sent
468 2470 755 2512 paenitentiam,
806 2475 886 2505 toto
938 2471 1061 2514 Chri-¹

335 2526 459 2561 stiano
505 2528 593 2562 orbe
639 2527 810 2562 damnati
857 2533 945 2562 sunt.
989 2527 1039 2561 IV

336 2584 410 2627 157,
475 2584 531 2620 12:
593 2584 744 2619 litterae
805 2585 1062 2633 apostolicae¹

335 2640 436 2675 sedis
467 2641 513 2675 de
542 2641 690 2676 illorum
719 2642 964 2677 damnatione
993 2643 1039 2676 ad

338 2698 503 2733 Africam
534 2699 672 2733 missae
704 2698 755 2732 IV
787 2700 862 2734 176.
895 2700 947 2734 15.
978 2701 1062 2734 im-¹

336 2760 532 2798 peratores
571 2756 761 2791 llonorius
798 2762 835 2792 et
870 2755 1062 2806 Tlieodoff

1741 95 1821 135 291

1118 224 1196 258 sius
1243 224 1386 260 dudum
1434 225 1725 269 constituerant,
1783 228 1825 259 ut

1120 281 1296 326 Pelagius
1343 286 1456 327 atque
1502 283 1726 327 Caelestius,
1772 282 1825 317 in-

1119 340 1225 374 fandi
1269 339 1462 385 dogmatis
1507 345 1733 384 repertores,
1779 341 1825 375 ab

1120 397 1209 432 urbe
1249 396 1370 432 Roma
1410 397 1654 442 pellerentur,
1693 403 1730 433 et
1771 408 1825 432 re-

1118 454 1217 489 centi
1263 464 1413 499 quoque
1457 455 1655 490 sanctione
1698 455 1827 490 decre-

1122 516 1269 555 verunt,
1303 515 1356 555 ut,
1389 512 1419 546 si
1455 513 1538 556 quis
1572 523 1636 546 eos·
1672 513 1707 546 in
1741 522 1830 556 qua-

1119 579 1279 613 cumque
1303 568 1586 613 provinciarum
1612 575 1719 613 parte
1743 569 1826 604 lati-

1120 631 1200 660 tare
1241 636 1317 660 non
1358 626 1531 661 nesciens
1572 632 1637 662 aut
1678 627 1826 671 propel-

1119 682 1195 718 lere
1255 688 1321 718 aut.
1383 682 1543 727 prodere
1601 684 1826 729 distulisset,

1119 741 1381 784 praescriptae
1408 751 1554 785 poenae
1581 742 1685 776 velut
1711 742 1826 787 parti-

1120 808 1210 842 ceps
1244 798 1458 834 subiaceret
1491 799 1540 832 lv
1575 799 1652 843 296,
1685 800 1716 834 4.
1749 800 1826 843 297,

1120 856 1141 889 2
1168 860 1217 901 et,
1243 856 1472 901 quicumque
1498 857 1670 900 episcopi
1697 867 1825 892 eorum

1120 913 1359 950 damnationi
1413 914 1648 950 subscribere
1703 915 1828 960 negle-

1120 970 1278 1015 xissent,
1327 971 1575 1015 episcopatus
1623 972 1827 1007 amissione

1121 1029 1270 1063 multati
1300 1029 1504 1064 interdicta
1535 1030 1571 1064 in
1602 1035 1827 1073 perpetuum

1120 1086 1270 1129 expulsi
1307 1086 1528 1121 civitatibus
1563 1087 1828 1122 communione

1123 1144 1366 1187 privarentur
1396 1144 1446 1178 IV
1475 1144 1552 1188 298,
1582 1146 1612 1179 2.

1170 1204 1368 1250 Pelagiani
1408 1215 1447 1240 se
1487 1205 1533 1240 de
1576 1205 1684 1249 Sixti,
1727 1215 1829 1249 pres-

1123 1262 1246 1306 byteri
1285 1262 1469 1298 ecclesiae
1509 1263 1716 1307 Romanae,
1766 1263 1829 1307 qui

1122 1330 1250 1354 eorum
1278 1320 1406 1365 magni
1434 1323 1616 1357 momenti
1645 1325 1830 1365 patronus

1124 1377 1224 1411 fama
1246 1378 1471 1422 iactabatur,
1497 1378 1671 1413 solebant
1696 1378 1828 1413 efferre

1122 1435 1291 1469 amicitia
1325 1435 1375 1469 IV
1410 1436 1485 1480 163,
1518 1436 1572 1470 26.
1608 1436 1682 1480 164,
1715 1437 1750 1479 8,
1784 1436 1829 1476 cs.

1124 1494 1200 1536 176,
1232 1493 1283 1528 11.
1314 1493 1356 1528 A.
1385 1493 1492 1528 Sixto
1522 1493 1631 1528 varia
1658 1494 1830 1539 Pelagia-

1124 1562 1256 1585 norum
1308 1562 1449 1595 genera
1502 1552 1607 1586 varie
1661 1551 1831 1586 curanda

1123 1609 1366 1643 commendat
1408 1608 1459 1642 IV
1497 1609 1570 1652 164,
1604 1610 1634 1643 9.
1682 1609 1830 1644 Sixtum

1122 1666 1327 1701 anatliema
1361 1666 1579 1711 Pelagianis
1617 1669 1652 1702 in
1689 1666 1831 1710 populo

1123 1722 1431 1768 frequentissimo
1471 1724 1741 1768 pronuntiasse
1781 1724 1830 1758 fa-

1124 1791 1185 1815 ma
1215 1781 1251 1815 in
1284 1781 1450 1816 Africam
1483 1781 1640 1825 pertulit
1671 1781 1722 1815 IV
1756 1782 1830 1825 176,

1125 1839 1177 1873 13.
1217 1848 1275 1882 ep.
1318 1840 1381 1873 194
1421 1839 1468 1873 ad
1510 1839 1657 1874 Sixtum
1698 1844 1831 1874 contra

1124 1906 1244 1931 novos
1274 1897 1487 1931 haereticos
1516 1897 1746 1942 Pelagianos
1774 1902 1832 1932 est

1124 1954 1354 1998 conscripta,
1377 1954 1441 1999 qui
1465 1954 1643 1990 dicebant
1668 1955 1830 2000 gratiam

1124 2011 1185 2046 dei
1209 2012 1415 2046 secundum
1439 2013 1573 2047 merita
1596 2019 1729 2047 nostra
1749 2012 1831 2047 dari

1125 2068 1175 2102 IV
1205 2070 1282 2113 382,
1311 2070 1343 2104 6.
1371 2070 1449 2113 390,
1479 2071 1530 2104 15.
1559 2070 1694 2104 librum
1726 2069 1832 2104 Pela-

1123 2126 1277 2170 gianum
1324 2128 1372 2162 ad
1420 2127 1701 2162 Demetriadem
1747 2127 1832 2162 mis-

1124 2193 1204 2218 sum
1263 2184 1438 2229 quisnam
1496 2185 1714 2228 scripsisset
1772 2184 1832 2218 vel

1126 2252 1213 2276 num
1251 2242 1299 2277 ad
1336 2252 1418 2276 eam
1454 2243 1707 2287 pervenisset,
1745 2242 1833 2286 Aly-

1126 2299 1211 2341 pius
1239 2304 1274 2333 et
1303 2300 1344 2334 A.
1374 2310 1419 2334 ex
1450 2299 1546 2334 Iulia
1572 2305 1692 2334 matre
1721 2310 1831 2334 nosse

1125 2356 1306 2391 volebant
1334 2357 1384 2390 IV
1415 2357 1489 2401 122,
1519 2357 1571 2392 12.
1599 2358 1645 2391 (le
1676 2357 1831 2401 Pelagio

1125 2413 1208 2456 ipso
1244 2425 1283 2449 se
1318 2414 1488 2459 cogitare
1524 2415 1622 2449 haud
1659 2415 1833 2449 dissimu-

1127 2471 1266 2511 labant,
1296 2482 1378 2506 cum
1409 2472 1444 2506 in
1474 2472 1638 2516 quadam
1668 2472 1830 2515 epistula

1128 2539 1193 2562 sua
1218 2529 1359 2563 (liceret
1386 2529 1432 2563 ad
1460 2540 1542 2564 eam
1569 2540 1608 2563 se
1633 2529 1831 2573 scripsisse

1129 2585 1177 2618 lV
1202 2586 1275 2630 130,
1304 2586 1354 2621 13.
1378 2596 1506 2621 eorum
1529 2586 1575 2622 de
1598 2587 1667 2621 hoc
1689 2586 1832 2630 scripto

1129 2643 1307 2678 iudicium
1347 2643 1397 2676 IV
1437 2644 1513 2686 122,
1553 2644 1604 2678 14.
1655 2644 1833 2688 Pelagius

1127 2700 1209 2734 libri
1244 2701 1300 2734 sui
1334 2701 1381 2734 ad
1414 2700 1694 2736 Demetriadem
1727 2701 1832 2735 missi

1127 2757 1345 2792 testimonio
1377 2759 1538 2802 probare
1571 2758 1762 2793 nitebatur
1794 2768 1833 2793 se

1565 2827 1628 2859 19*
