2078 3054
906 140 1047 175 Index
1076 141 1120 174 V.

290 255 468 298 cucurrit,
509 259 549 289 ut
588 255 651 289 vix
695 264 829 289 manus
867 263 995 287 eorum

293 312 460 357 potuerit
487 313 650 347 evadere
680 311 731 345 ΙΙΙ
758 312 836 355 543,
866 311 918 346 16.
946 310 998 344 in-

290 370 515 414 gruentibus
564 370 704 404 morbis
752 369 814 404 vel
861 369 999 403 dormi-

292 429 394 463 tione
423 428 652 463 Eustocbiae
682 428 736 462 ita
762 438 802 463 se
830 426 997 462 doluisse

290 486 395 523 dicit.
429 490 470 521 ut
508 485 676 520 Anniani
710 485 827 520 libros
864 494 998 528 prope-

290 544 443 579 modum
495 543 796 578 contemnendos
847 545 997 586 putaret

292 602 342 636 lV
391 602 470 645 300,
521 602 573 636 12.
625 600 868 636 familiarium
918 601 999 635 eius

294 659 566 703 Hierosolymis
599 662 635 693 et
668 659 705 694 in
737 658 878 693 sanetis
909 657 1003 692 locis

292 727 503 761 permagna
530 717 642 760 copia
668 720 750 751 erat
778 715 812 749 ΙΙ
839 715 918 759 256,
946 715 999 749 10.

339 774 595 818 Hieronymus
622 778 657 809 et
687 774 728 808 A.
760 783 793 808 v.
820 772 999 818 Augusti-

294 843 362 866 nus
402 842 437 876 p.
480 832 672 867 136—139.
711 831 926 876 apologiam
966 830 1003 865 in

293 890 468 924 Rufinum
500 890 542 923 A.
573 889 674 923 misit
704 892 743 923 et
771 888 814 922 A.
844 887 1002 922 multum

293 947 413 981 doluit
438 947 537 981 inter
562 950 638 981 tam
665 946 871 980 familiares
896 945 999 979 viros

292 1010 439 1039 tantum
475 1005 614 1039 malum
648 1004 821 1039 extitisse
859 1003 1000 1037 discor—

292 1063 377 1099 diae
412 1067 538 1107 atque.
574 1067 613 1097 ut
650 1061 1000 1096 reconciliarentur.

293 1120 561 1155 ardentissime
604 1119 805 1163 exoptavit
847 1118 881 1152 II
923 1119 1001 1155 270.

295 1179 440 1222 1-274,
476 1179 527 1213 10.
564 1179 641 1222 278,
675 1179 706 1212 5.
739 1177 819 1221 352,
852 1177 883 1211 2.
929 1176 1001 1211 lec-

293 1237 386 1271 tioni
420 1236 601 1271 librorum
638 1236 681 1270 Α.
712 1246 878 1280 unquam
914 1244 1001 1278 ope-

294 1305 371 1329 ram
403 1305 442 1329 se
473 1295 624 1329 dedisse
654 1293 909 1338 Hieronymus
941 1303 1001 1327 ne-

293 1358 356 1396 gat
387 1352 421 1385 ΙΙ
447 1352 525 1388 262.
552 1352 583 1386 2.
610 1352 656 1386 ad
688 1351 867 1396 Alypium
894 1356 929 1385 et
959 1351 1021 1384 A..

293 1421 351 1453 ep.
381 1410 447 1444 202
476 1421 522 1444 ex
554 1414 687 1444 sancta
716 1409 907 1444 Bethleem
939 1408 1001 1443 de-

294 1468 349 1502 dit
387 1468 432 1502 de
475 1467 648 1511 iugulata
686 1467 833 1502 haeresi
874 1466 1002 1500 Caelo-

294 1525 395 1560 stina
427 1525 626 1570 gratulans
661 1525 712 1559 IV
746 1525 824 1560 300.
862 1525 890 1558 1.
924 1525 1001 1560 301.

294 1583 325 1617 8.
378 1583 420 1618 A.
472 1583 636 1617 victoria
685 1583 731 1618 de
784 1582 1001 1625 Pelagianis

295 1645 491 1685 reportata
526 1641 621 1675 adeo
658 1641 823 1675 laetatus
858 1646 926 1675 est.
962 1644 1022 1692 ut,

295 1700 436 1744 absque
475 1699 556 1734 eius
596 1699 758 1733 nominis
798 1696 1022 1733 mentione.'

295 1758 389 1791 sicut
424 1757 488 1792 ait.
523 1768 569 1791 ne
604 1768 714 1791 unam
751 1757 902 1801 quidem
941 1756 1002 1789 bo-

294 1825 371 1849 ram
433 1815 641 1857 praeterire
700 1818 895 1857 pateretur
952 1812 1002 1845 lv

295 1872 371 1908 215.
407 1873 435 1906 1.
470 1872 550 1915 ipse
584 1872 771 1906 adversus
806 1871 1000 1914 Pelagium

296 1941 363 1973 pro
395 1930 518 1973 gratia
550 1930 690 1964 (bristi
723 1935 757 1964 et
791 1929 1002 1963 catholicae

296 1988 380 2022 tidei
438 1988 600 2027 veritate
658 1987 861 2031 praecipue
917 1996 1002 2019 con-

297 2046 391 2080 tlixit
445 2045 615 2080 111667.
657 2046 708 2080 12.
763 2046 809 2079 ab
862 2044 1001 2088 Alypio

296 2103 401 2137 visus
428 2108 481 2137 est
514 2103 527 2136 l
561 2104 635 2137 iot.
664 2104 696 2139 2.
724 2114 833 2147 quem
864 2102 1002 2137 deinde

298 2162 333 2195 in
366 2171 450 2204 epp.
483 2162 536 2195 39.
569 2162 621 2194 st.
655 2161 718 2195 123
750 2161 798 2194 ad
830 2160 871 2194 A.
903 2160 1003 2194 datis

297 2218 444 2253 salvere
501 2219 622 2253 iussit.
701 2217 901 2262 origenem
960 2226 1002 2251 ac

297 2276 499 2320 Didymum
538 2276 781 2319 reprehendit
820 2275 1004 2319 morum·-

297 2345 379 2368 mus
418 2334 454 2368 in
495 2334 769 2368 recentioribus
809 2333 1004 2377 opusculis

297 2392 385 2427 suis.
417 2393 591 2436 quamvis
624 2392 823 2434 Origenem
856 2391 1004 2425 mirabi-

297 2448 382 2483 liter
416 2453 505 2484 ante
540 2448 755 2483 laudaverit
792 2448 825 2482 II
861 2449 939 2483 5376.
973 2449 1004 2482 53.

297 2506 343 2541 de
394 2506 541 2550 origine
591 2506 741 2541 animae
791 2506 880 2550 quid
935 2505 1005 2540 sibi

298 2564 504 2600 videretur,
561 2565 595 2598 in
636 2564 830 2607 opusculis
873 2568 1004 2597 contra

298 2621 474 2656 Rufinum
519 2631 558 2656 se
605 2621 803 2664 scripsisse
852 2620 1005 2654 Marcel-

298 2679 375 2713 lino
402 2679 655 2722 interroga-nti
683 2678 877 2722 respondit
906 2689 1006 2713 eum-

299 2746 383 2781 que,
419 2740 460 2771 ut
495 2735 538 2770 A.
575 2736 620 2771 de
656 2735 725 2770 hac
761 2746 799 2770 re
835 2734 1003 2769 consule-

298 2798 368 2838 ret,
413 2793 587 2828 hortatus
631 2797 690 2829 est
733 2792 786 2827 III
830 2793 907 2837 542,
954 2793 1005 2827 15.

1704 129 1784 170 231

1084 254 1161 297 543,
1194 254 1226 288 6.
1262 253 1482 290 Marcellino
1518 254 1790 301 Hieronymum

1085 311 1285 356 scripsisse
1329 313 1423 348 dicit
1467 313 1509 348 A.
1555 323 1661 348 suam
1708 323 1791 349 esse

1085 370 1313 406 sententiam
1347 370 1518 416 singulas
1549 371 1697 406 animas
1729 381 1793 406 no-

1085 438 1153 462 vas
1184 429 1429 463 nascentibus
1460 429 1540 464 fieri
1570 428 1622 462 lII
1653 429 1731 472 621,
1763 429 1792 463 1.

1086 485 1308 530 Hieronymi
1337 486 1382 521 de
1412 486 1579 521 videndo
1608 487 1680 522 deo
1711 496 1792 521 sen-

1085 543 1205 578 tentia
1234 543 1288 577 III
1315 545 1393 579 337.
1424 544 1591 579 11—340.
1620 545 1650 587 7,
1679 555 1791 589 quam

1086 601 1148 636 ille
1186 602 1352 636 breviter
1393 611 1435 636 ac
1477 602 1666 636 veraciter
1703 602 1792 636 deti-

1085 659 1183 693 nivit
1215 659 1281 693 sic:
1315 659 1399 693 ‘Res
1433 660 1684 702 incorporalis
1714 670 1793 694 cor-

1086 716 1281 760 poralibus
1331 717 1451 751 oculis
1501 727 1576 751 non
1628 718 1792 752 videtur‘

1086 774 1139 808 111
1173 774 1252 819 330,
1286 775 1317 809 8.
1352 774 1608 819 Hieronymus
1644 780 1793 810 senten-

1086 832 1177 867 tiam
1207 843 1312 867 suam
1342 833 1387 867 de
1416 838 1574 877 peccato
1603 832 1793 877 originali.

1086 901 1197 935 quam
1233 891 1496 926 concinentem
1531 891 1626 925 dicit
1660 891 1702 925 A.
1735 901 1793 925 ca-

1086 948 1250 984 tholicae
1288 948 1580 983 fundatissimae
1619 948 1719 989 fidei,
1757 949 1794 983 in

1086 1006 1181 1040 libro
1222 1011 1357 1041 contra
1398 1006 1639 1041 lovinianum
1679 1011 1717 1041 etv
1757 1006 1793 1040 in

1086 1064 1328 1107 expositione
1355 1064 1469 1099 Ionae
1497 1064 1707 1108 prophetae
1733 1064 1795 1099 de-

1088 1122 1210 1156 finivit
1253 1121 1305 1155 III
1346 1123 1424 1165 554,
1467 1123 1518 1156 16.
1559 1123 1637 1161 577.
1678 1122 1709 1156 2.
1748 1122 1793 1157 de

1087 1180 1319 1225 aequalitate
1385 1185 1629 1223 peccatorum
1694 1180 1794 1225 quod

1087 1238 1157 1272 soli
1192 1237 1308 1272 Stoici
1344 1238 1426 1273 ausi
1464 1243 1549 1272 sunt
1584 1238 1794 1281 disputare,

1089 1296 1125 1329 in
1171 1295 1371 1330 Ioviniano
1414 1295 1489 1332 illo.
1536 1296 1599 1340 qui
1644 1296 1680 1331 in
1724 1295 1793 1330 hac

1089 1353 1281 1388 sententia
1323 1353 1473 1388 Stoicus
1516 1359 1609 1397 erat,
1650 1354 1795 1388 suavis-

1087 1412 1181 1446 sima
1229 1417 1263 1446 et
1313 1411 1619 1454 praeclarissima
1668 1412 1796 1455 dispu-

1087 1469 1232 1504 tatione
1293 1469 1568 1504 dilucidissime
1628 1468 1794 1503 convicit

1089 1526 1141 1560 111
1184 1527 1261 1566 592.
1304 1527 1334 1561 2.
1376 1527 1481 1561 locos
1522 1527 1706 1571 quosdam
1748 1527 1794 1561 dc

1088 1584 1293 1619 salvatoris
1328 1584 1498 1619 adventu
1534 1590 1568 1619 et
1606 1584 1678 1620 fine
1717 1595 1796 1619 sae-

1090 1642 1163 1676 culi
1219 1653 1265 1677 ex
1322 1642 1544 1687 Hieronymi
1599 1642 1793 1686 opusculis

1088 1704 1290 1744 excerptos
1321 1701 1363 1735 A.
1392 1701 1439 1735 ad
1470 1700 1700 1745 Hesychium
1731 1701 1795 1735 mi-

1089 1759 1135 1792 sit
1165 1758 1217 1791 IV
1244 1758 1322 1794 231.
1352 1759 1383 1792 8.
1412 1759 1488 1801 235.
1516 1759 1546 1792 9.
1575 1759 1793 1802 opinionem

1088 1815 1297 1859 cuiusdam,
1335 1816 1398 1861 qui
1434 1826 1550 1850 ausus
1588 1820 1644 1851 est
1682 1815 1796 1850 Dani-

1088 1873 1182 1908 helis
1229 1873 1488 1908 hebdomadas
1535 1874 1580 1907 de
1627 1874 1796 1908 adventu

1088 1931 1228 1965 Christi
1265 1931 1404 1967 futuro.
1441 1941 1515 1965 non
1552 1931 1598 1965 de
1635 1934 1799 1975 praeter-

1094 1987 1145 2022 ito
1203 1998 1404 2032 exponere.
1460 1993 1502 2022 ut,
1558 1988 1794 2022 temerariam

1088 2045 1323 2088 vituperavit
1367 2045 1636 2089 Hieronymus,
1696 2045 1795 2089 quod

1089 2102 1132 2137 A.
1168 2103 1430 2146 comprobavit
1468 2091 1632 2139 1v'234.
1667 2103 1721 2137 ευ.
1759 2102 1795 2135 in

1087 2160 1215 2205 aliquo
1248 2160 1342 2195 libro
1376 2160 1632 2205 Hieronymus
1663 2160 1709 2195 de
1743 2170 1797 2194 re-

1090 2218 1322 2253 surrectione
1353 2218 1476 2252 carnis
1506 2217 1698 2262 praeclare
1728 2218 1800 2251 dis-

1091 2278 1244 2318 putasse
1280 2275 1508 2309 laudabatur
1544 2275 1595 2308 ΙΠ
1631 2275 1708 2309 700.
1748 2275 1800 2308 13.

1088 2332 1451 2376 anthropomorphis
1519 2332 1797 2367 adversabatur

1090 2389 1143 2423 ΠΙ
1193 2390 1271 2433 343,
1327 2390 1495 2427 17-344,
1547 2390 1599 2424 14.
1664 2394 1796 2423 contra

1089 2447 1205 2482 libros
1260 2447 1437 2483 Anniani.
1495 2447 1797 2490 pseudodiaconi

1089 2505 1322 2541 Celedensis.
1359 2504 1526 2540 nondum
1562 2515 1600 2540 se
1638 2504 1797 2548 rescrip-

1090 2563 1184 2598 sisse
1222 2562 1312 2597 dicit
1352 2563 1417 2598 sed
1456 2563 1588 2606 paucis
1625 2562 1797 2596 lucubra-

1091 2620 1271 2655 tiunculis
1311 2620 1350 2655 id
1391 2630 1475 2655 esse
1517 2620 1705 2654 facturum
1747 2619 1796 2653 IV

1089 2678 1167 2721 300,
1201 2679 1231 2712 7.
1263 2677 1301 2712 in
1335 2677 1653 2721 interpretatione
1686 2677 1797 2712 libro-

1090 2746 1171 2770 rum
1214 2735 1483 2770 canonicorum
1523 2735 1569 2770 de
1609 2734 1796 2770 Hebraico

1091 2804 1269 2831 sensuum
1299 2793 1427 2837 potius
1455 2792 1657 2828 veritatem
1684 2803 1795 2837 quam
