2078 3054
871 163 1009 198 Index
1036 164 1077 198 V.

247 280 481 322 exhortatur,
515 282 557 314 ut
591 279 708 314 sacris
742 278 877 313 litteris
911 288 957 326 ex

248 337 396 373 Graeco
434 347 509 372 non
548 348 594 372 ex
634 336 805 373 Hebraeo
845 309 974 371 inter-l

247 396 440 440 pretandis
469 406 599 431 curam
626 395 808 440 inpendat
835 395 851 429 I
879 395 956 437 105,

244 454 394 498 6—107,
436 454 459 495 ⁴1-
495 453 606 488 simul
637 453 823 498 inprobat,
855 454 956 497 quod

246 512 284 547 in
322 512 615 555 eomrffintariis,
652 511 715 546 ubi
754 522 810 555 ep.
848 511 955 546 Pauli

244 571 293 605 ad
326 569 483 604 Galatis
517 570 682 605 enodare
715 569 843 613 vellet,
875 569 955 604 offi-

249 628 394 663 ciosum
447 628 591 672 ‚iiquod
634 627 872 662 mendacium
917 628 952 661 in

244 686 348 721 libris
375 697 439 721 saizv
471 686 517 721 tis
543 696 626 722 esse
653 685 852 721 statuisset
878 686 954 723 107.

242 744 391 779 6—112.
437 746 467 777 4.
515 745 607 779 haec
653 744 819 788 epistula
863 754 954 778 casu

244 801 386 836 factum
425 805 483 836 est
519 805 561 835 ut
596 802 645 836 ad
683 801 953 845 Hieronymum

244 860 400 903 perferri
434 869 509 893 non
544 860 709 903 potuerit
744 860 777 893 II
810 860 865 898 78,
900 859 952 893 11.

242 917 321 960 250,
354 918 383 951 1.
415 917 493 960 255,
527 917 580 951 12.
613 922 809 961 praeterea
841 917 883 951 A.
917 917 952 951 in

241 975 398 1014 alterius
420 975 547 1019 aliqua
570 975 733 1019 epistula
753 975 800 1010 ad
822 975 952 1010 Hiero-

242 1043 396 1077 nymum
430 1033 521 1068 data
554 1043 692 1067 nomen
725 1043 834 1067 suum
869 1033 952 1068 sub-

242 1091 395 1135 scripsit
455 1101 539 1126 cum
601 1091 843 1128 salutatione.
904 1091 951 1126 ad

241 1159 353 1192 quam
396 1149 650 1193 Hieronymus
693 1148 856 1192 epistula
898 1159 951 1184 re-

241 1206 406 1250 spondit.
432 1217 530 1251 quae
557 1217 632 1241 non
658 1207 819 1251 amplius
847 1211 951 1242 extat

241 1264 275 1298 II
308 1265 364 1301 67.
397 1266 430 1299 4.
466 1265 520 1308 69,
555 1265 586 1299 5.
622 1269 700 1299 tum
737 1266 779 1299 Α.
815 1276 871 1308 ep.
908 1266 951 1299 40

240 1322 427 1367 concepit,
454 1333 528 1367 qua
554 1322 713 1367 primum
738 1323 949 1367 inscriptio-

240 1387 336 1416 nem.
387 1390 499 1424 quam
551 1381 804 1424 Hieronymus
855 1381 949 1415 libro

239 1438 388 1472 cuidam
421 1438 602 1473 indidisse
633 1438 841 1475 dicebatur.
871 1450 949 1474 car-

241 1493 354 1538 pebat
385 1494 428 1538 ,11
468 1495 522 1538 71,
562 1491 687 1539 1—11,
727 1496 863 1531 deinde
903 1497 948 1532 de

239 1552 412 1587 officioso
477 1554 686 1597 mendacio,
714 1557 720 1567 ‘
749 1555 848 1599 quod
914 1556 949 1589 in

238 1609 361 1653 priore
421 1611 585 1654 epistula
643 1612 948 1656 reprehenderat,

238 1667 359 1702 fusius
401 1669 614 1713 exponebat
654 1670 784 1705 addita
823 1671 948 1714 ‹lispu-

238 1725 383 1760 tatione
409 1726 454 1761 dc
479 1727 574 1770 legis
599 1726 868 1763 observatione
894 1729 948 1765 71.

240 1783 385 1826 12—79,
430 1784 452 1818 5
498 1784 769 1829 Hieronymum
816 1787 948 1821 exhor-

240 1847 338 1886 tans,
381 1846 433 1887 ut,
461 1845 576 1892 ,quod
619 1844 790 1887 dixisset,
833 1845 945 1879 corri—

236 1904 344 1945 geret
376 1904 415 1936 et
461 1902 686 1951 παλινῳδίαν
732 1913 866 1937 canere
902 1914 946 1938 nc

237 1962 482 1994 cunctaretur
520 1961 574 2003 77,
614 1960 670 2002 143
708 1960 870 2004 denique
910 1961 947 1995 in

237 2016 304 2057 eis,
354 2027 450 2061 quae
502 2017 561 2052 de.
599 2017 761 2062 Origene
813 2023 850 2053 et
900 2019 945 2053 de

237 2074 484 2118 scriptoribus
523 2075 793 2111 ecclesiasticis
832 2077 946 2120 scrip-

237 2134 360 2170 sisset.
409 2135 590 2170 nonnulla
640 2147 679 2170 se
729 2137 945 2171 desiderare

235 2194 414 2228 ostendit.
490 2194 743 2240 Hieronymus
818 2200 944 2231 autem

236 2254 369 2288 eodem
405 2254 482 2289 fere
519 2259 686 2299 tempore
723 2257 743 2290 i.
779 2267 809 2291 e.
845 2267 943 2307 anno

235 2317 322 2356 post
349 2314 581 2357 superiorem
608 2315 810 2359 epistularu
837 2326 945 2351 occa-

236 2373 342 2408 sione
377 2373 506 2408 oblata
540 2374 692 2410 brevem
728 2377 863 2419 cp.·39
896 2377 943 2411 ad

236 2432 279 2466 Α.
312 2432 413 2467 misit
446 2434 478 2468 II
511 2434 567 2477 67,
600 2436 631 2469 4.
663 2439 777 2479 atque
812 2447 867 2480 ep.
901 2437 945 2470 40

236 2492 347 2528 simili
383 2494 548 2538 fortuna,
584 2506 658 2540 qua
692 2506 750 2540 ep.
786 2496 841 2540 28,
876 2506 945 2531 usa

235 2557 308 2595 est3
370 2564 492 2598 neque
555 2556 652 2590 enim
714 2555 944 2602 Hieronymo

238 2612 505 2657 reddita‚vsed
548 2615 584 2649 in
626 2615 774 2650 ltaliam
816 2616 944 2652 ablata

236 2676 305 2707 est.
338 2672 401 2708 ubi
435 2685 520 2710 cum
554 2674 740 2712 Sisinnius
776 2688 857 2712 eam
893 2678 944 2712 in-

227 2732 414 2777 ⁴venisset,
477 2734 557 2769 eius
619 2737 832 2781 exemplum
894 2737 941 2773 ad

234 2790 504 2838 Hieronymum
544 2795 656 2840 misit,
695 2798 758 2841 qui
800 2797 959 2851 iuveni-¹

1663 154 1741 195 137

1037 278 1108 313 lem
1135 278 1299 323 aliquam
1325 280 1636 324 provocationem
1662 279 1746 315 sub-

1037 347 1121 372 esse
1145 337 1323 381 opinatus
1349 338 1448 372 haud
1471 338 1607 373 leviter
1629 337 1746 373 offen-

1036 394 1197 429 debatur
1234 395 1266 429 ll
1304 396 1383 438 240,
1421 397 1455 439 7;
1492 397 1538 434 εἰ.
1576 397 1654 439 255,
1692 397 1745 431 10.

1037 452 1115 495 256,
1143 453 1174 487 2.
1202 453 1280 495 268,
1309 454 1362 487 12.
1390 455 1470 493 383,
1497 455 1529 488 7.
1558 455 1664 489 cuius
1693 455 1745 489 rei

1037 520 1222 545 rumorem
1256 512 1439 546 incertum
1472 522 1557 547 cum
1589 513 1632 546 Α.
1666 523 1745 557 per-

1037 569 1212 612 cepisset,
1237 579 1313 604 non
1337 570 1383 605 de
1408 570 1583 614 epistula,
1609 571 1675 606 sed
1699 571 1744 606 de

1036 625 1130 661 libro
1165 627 1226 671 agi
1261 632 1380 669 ratus,
1414 638 1525 672 quem
1560 629 1744 664 adversus

1035 682 1307 727 Hieronymum
1373 685 1531 720 Romam
1597 687 1744 722 misisse

1039 741 1268 797 crederetur,
1285 743 1375 777 nihil
1391 744 1584 787 antiquius
1601 745 1741 779 habuit.

1036 808 1146 842 quam
1188 803 1230 833 ut
1269 810 1327 844 ep.
1366 800 1409 834 67
1450 801 1487 834 id
1528 811 1566 836 se
1608 802 1743 837 fecisse

1036 861 1192 900 negaret
1235 857 1267 891 ΙΙ
1309 858 1385 895 238.
1426 859 1463 901 3:
1506 860 1551 899 cf.
1594 860 1671 902 384,
1712 861 1743 894 6.

1031 924 1151 957 neque
1171 915 1288 949 multo
1310 921 1510 959 post,.cum
1531 917 1742 961 Cyprianus

1034 971 1217 1006 diaconus
1259 973 1295 1007 in
1339 973 1593 1009 Palaestinam
1637 975 1743 1019 profi-

1035 1028 1252 1066 cisceretur.
1293 1041 1350 1075 ep.
1391 1031 1432 1065 71
1474 1032 1507 1066 ei
1547 1032 1651 1067 dedit
1691 1034 1743 1069 in-

1034 1090 1150 1122 stans.
1182 1093 1223 1122 ut
1254 1088 1316 1122 illo
1348 1089 1529 1125 redeunte
1561 1100 1742 1135 responso

1034 1144 1170 1188 dignus
1212 1145 1425 1181 haberetur.
1466 1158 1540 1192 qua
1580 1147 1743 1192 epistula

1034 1203 1295 1246 quaestionem
1346 1205 1391 1239 de
1444 1216 1635 1240 sacrarum
1685 1206 1743 1241 lit-

1032 1264 1196 1295 terarum
1251 1262 1564 1306 interpretatione
1617 1265 1741 1299 denuo

1033 1318 1208 1362 instituit,
1258 1330 1353 1363 quae
1404 1321 1656 1365 Hieronymus
1705 1323 1742 1356 in

1033 1376 1101 1410 hac
1133 1387 1174 1411 re
1203 1377 1404 1421 effecisset,
1435 1390 1589 1423 carpere
1620 1381 1742 1425 pergit

1026 1443 1186 1477 eumque
1205 1435 1350 1471 incitat.
1370 1439 1410 1470 ut
1430 1435 1595 1471 Graecas
1615 1438 1740 1482 potius

1031 1490 1250 1535 scripturas.
1283 1503 1380 1536 quae
1413 1495 1658 1539 septuaginta
1690 1495 1743 1530 in-

1030 1552 1236 1591 terpretum
1260 1550 1538 1595 perhibeantur,
1562 1552 1742 1596 interpre-

1032 1606 1103 1640 tari
1127 1606 1234 1640 malit
1255 1617 1367 1651 quam
1391 1607 1582 1644 Hebraeas
1606 1609 1639 1644 II
1661 1611 1740 1654 250,

1029 1663 1178 1707 9—255,
1210 1665 1239 1698 1.
1269 1675 1344 1709 qua
1375 1667 1575 1702 occasione
1606 1669 1740 1703 tumul-

1032 1724 1092 1754 tus
1146 1722 1375 1758 mentionem
1430 1724 1531 1768 fecit,
1585 1726 1647 1770 qui
1702 1726 1739 1760 in

1029 1778 1190 1813 ecclesia
1220 1780 1349 1825 aliqua
1377 1786 1482 1817 ortus
1513 1790 1624 1826 esset,
1653 1795 1738 1819 cum

1029 1835 1230 1880 episcopus
1285 1837 1505 1884 Hieronymi
1558 1841 1739 1886 interpre-

1030 1896 1211 1932 tationem
1251 1899 1404 1943 legeret.
1444 1901 1481 1934 in
1520 1912 1594 1946 qua
1633 1903 1737 1946 quid-

1029 1956 1114 1990 dam
1144 1958 1252 1992 aliter
1281 1959 1328 1992 ab
1358 1971 1401 1994 eo
1432 1962 1595 2005 positum
1625 1967 1736 2006 essct,

1027 2017 1127 2059 apud
1171 2017 1299 2053 Ionam
1346 2022 1580 2065 prophetam.
1625 2033 1736 2067 quam

1028 2076 1162 2111 suisset
1194 2078 1359 2112 omnium
1395 2079 1566 2114 sensibus
1601 2091 1737 2115 memo-

1027 2135 1180 2180 riaeque
1221 2137 1474 2172 inveteratum
1514 2138 1547 2172 II
1587 2139 1664 2181 253.
1706 2140 1735 2172 1.

1026 2197 1174 2231 interim
1207 2197 1459 2241 Hieronymus
1491 2198 1668 2234 inritatus
1700 2202 1736 2234 et

1027 2258 1291 2292 stomachosus
1317 2258 1364 2292 ad
1390 2270 1446 2302 ep.
1473 2259 1516 2293 67
1542 2259 1734 2303 rescripsit

1026 2327 1084 2360 cp.
1117 2317 1175 2351 68:
1211 2327 1286 2352 non
1319 2318 1452 2352 librum
1487 2329 1527 2354 se
1561 2319 1627 2354 sed
1661 2319 1735 2363 cpi-

1026 2377 1147 2412 stulae
1182 2378 1393 2422 exemplum
1424 2380 1630 2423 accepisse,
1662 2390 1735 2424 qua

1025 2435 1249 2487 παλινῳέίαν
1304 2448 1439 2473 canere
1477 2439 1668 2474 iuberetur
1702 2440 1734 2474 II

1027 2495 1105 2539 240,
1144 2498 1179 2540 7;
1220 2498 1280 2532 cui
1321 2499 1492 2543 exemplo
1534 2510 1617 2534 curn
1659 2510 1734 2534 non

1026 2560 1165 2592 temere
1197 2558 1425 2593 credendum
1457 2565 1541 2595 esse
1573 2563 1734 2604 putaret.

1026 2617 1069 2650 A.
1106 2617 1272 2653 mitteret
1309 2619 1411 2653 aliud
1448 2619 1575 2655 verius
1612 2630 1733 2665 nequc

1024 2677 1172 2712 iuvenis
1215 2688 1342 2713 senem
1386 2684 1614 2724 provocaret
1656 2680 1733 2724 241,

1026 2738 1056 2772 1.
1090 2738 1121 2773 9.
1155 2738 1233 2782 242,
1266 2740 1299 2774 5.
1332 2739 1468 2774 deiude
1503 2739 1564 2775 ubi
1599 2751 1655 2785 ep.
1690 2742 1729 2775 71

1024 2798 1183 2843 accepit,
1237 2798 1480 2836 acerbissime
1534 2800 1729 2845 respondit
