2078 3054
307 136 389 178 358

355 266 408 299 12.
435 266 491 303 59.
517 265 547 299 9.
575 264 653 299 411.
680 264 732 298 14.
760 263 810 297 IV
836 263 914 306 425,
943 263 996 297 17.
1021 259 1084 286 --——'

353 333 437 357 cnm
470 323 551 363 iuss
582 322 694 356 datur
725 320 894 364 intellegi
925 320 957 354 II
990 319 1066 363 159,

355 381 407 414 16.
439 380 515 415 167.
546 380 598 414 19.
628 379 679 413 lv
708 379 788 413 536.
819 378 872 412 12.
900 378 979 415 644.
1011 377 1065 411 10.

348 437 471 472 (·0111(·1
490 437 602 471 datur
621 436 654 470 11
672 436 751 479 544,
770 436 802 470 8.
823 435 1064 470 sanctitatem

353 499 457 529 tuam
493 494 641 529 interim
678 493 808 529 videre
844 503 921 528 non
954 492 1068 527 datur

353 552 406 587 ΙΙΙ
433 553 513 596 395,
545 553 586 586 13
616 551 810 595 (Maced).
840 554 881 585 ut
912 550 972 586 ille
1002 550 1067 585 det

353 610 461 645 nobis
497 609 674 644 inebriari
709 609 762 643 III
798 609 875 652 272,
912 608 966 642 11.
1002 607 1066 642 *ut

353 668 417 703 det
443 666 553 703 vobis
579 666 722 702 virtute
751 665 989 701 corroborari
1014 665 1066 700 111

352 726 432 770 209,
473 725 507 760 6.
551 724 696 769 *neque
739 723 848 759 dabis
893 727 1067 770 sanctum

352 786 458 818 tuum
505 782 636 817 videre
683 781 966 826 corruptionem
1014 780 1066 815 ΙΙΙ

352 841 430 885 187,
462 841 516 875 17.
546 840 626 884 355,
655 839 710 874 20.
740 839 792 874 IV
821 839 876 884 85,
906 839 937 873 2.
967 838 1066 873 *non

352 897 512 933 dedistis
538 897 629 932 mihi
653 897 884 932 manducare
910 896 963 931 III
986 896 1066 941 302,

354 956 407 991 13.
433 955 485 990 IV
509 956 589 998 530,
616 955 647 989 2.

305 1014 478 1049 dativus:
515 1012 620 1048 nulla
656 1012 724 1047 tibi
763 1013 860 1056 (za
895 1011 948 1056 te)
986 1011 1066 1046 eius

353 1070 627 1106 admemoratio
655 1070 758 1105 facta
784 1074 842 1105 est
866 1069 901 1104 11
927 1069 1006 1114 220,
1031 1070 1066 1104 4:

353 1129 400 1169 cf.
441 1127 494 1163 IV
533 1128 613 1171 588,
656 1128 710 1162 11.
753 1130 795 1162 ut
837 1137 935 1162 unus
976 1127 1066 1161 mihi

354 1187 409 1229 (z
426 1196 450 1221 a
476 1185 550 1230 me)
581 1185 715 1220 saltem
744 1188 849 1220 totus
877 1184 1068 1230 legeretur

354 1244 406 1278 IV
425 1243 505 1288 526,
526 1244 558 1279 9.
579 1264 626 1268 -
644 1243 786 1278 vadam
806 1242 897 1277 mihi
916 1236 967 1277 ad
990 1252 1067 1283 eos,

353 1301 418 1346 qui
444 1304 515 1336 etc.
542 1301 577 1335 II
603 1301 658 1345 24,
685 1300 739 1335 16.

967 148 1108 183 Index
1135 147 1199 183 VI.

1102 262 1299 306 dedignari
1325 273 1407 297 cum
1433 265 1498 304 ius.
1524 264 1555 298 11
1577 265 1632 298 82.
1659 265 1711 298 11.
1734 265 1813 308 605,
1829 267 1860 299 8.

1148 320 1200 354 III
1228 321 1283 363 85,
1309 321 1343 355 3.
1370 321 1449 364 213,
1477 322 1531 356 10.
1559 322 1638 365 685,
1662 322 1695 357 3.

1100 377 1288 413 defectus:
1325 377 1577 414 *desiderium
1613 379 1862 424 defectusque

1148 436 1296 471 animae
1323 436 1361 470 in
1388 436 1487 471 atria
1513 436 1655 472 domini
1682 437 1698 471 Ι
1724 437 1780 482 98,
1808 438 1860 472 11.

1101 493 1389 528 defensaculum
1415 494 1448 528 ΙΙ
1472 494 1551 537 574,
1577 495 1631 530 17.

1101 550 1277 586 deficere:
1316 551 1400 596 quis
1438 552 1559 596 possit
1598 552 1636 587 in
1673 552 1721 596 id,
1760 553 1861 597 quod

1149 608 1329 654 intuetur,
1354 609 1534 644 deficiens
1560 611 1724 654 quodam
1749 610 1861 645 modo

1149 676 1188 701 se
1218 666 1416 702 oblivisci?
1447 667 1498 701 IV
1526 667 1607 711 515,
1636 668 1668 702 9.

1100 723 1270 759 definitio
1288 739 1327 751 z
1344 724 1585 759 constitutio:
1630 724 1862 769 (episcopos)

1147 781 1349 817 universos
1413 782 1577 817 scituros
1641 783 1863 818 definitione

1149 839 1392 875 sanctimonii
1420 840 1476 875 tui
1505 840 1602 875 hanc
1633 840 1704 875 sibi
1733 839 1863 875 defini-

1148 896 1291 932 tionem
1345 907 1428 932 esse
1482 898 1758 943 praescriptam
1811 898 1862 932 lv

1148 954 1227 998 297,
1259 955 1303 989 12
1334 956 1527 1000 (imperat.
1560 956 1662 999 litt.).

1102 1012 1298 1047 definitive
1331 1012 1539 1048 rescribere
1572 1013 1606 1047 II
1641 1013 1732 1057 124,-
1752 1013 1794 1048 13
1826 1016 1864 1048 et

1150 1069 1227 1114 129,
1256 1070 1299 1105 14
1327 1070 1482 1115 (Pam).

1102 1127 1297 1163 definitus:
1337 1139 1414 1164 non
1454 1139 1500 1164 ex
1538 1128 1696 1164 definito
1734 1128 1863 1164 defen-

1149 1185 1239 1221 dere
1275 1186 1309 1220 II
1343 1186 1421 1230 287,
1456 1186 1499 1220 15
1534 1185 1684 1230 (Hiera).

1103 1243 1336 1288 degradatus
1374 1243 1408 1277 II
1444 1243 1499 1287 29,
1538 1244 1595 1287 10;
1632 1244 1679 1285 cf.
1715 1244 1771 1288 99,
1810 1244 1863 1278 17.

1149 1301 1228 1345 231,
1261 1301 1316 1335 29.

306 1359 367 1394 de:
395 1358 583 1393 Iulianum
609 1358 656 1394 de
683 1357 915 1403 Carthagine
942 1367 1067 1393 rever·
1102 1358 1266 1394 deiectio
1283 1374 1323 1387 z
1340 1359 1455 1393 animi
1481 1359 1660 1395 demissio
1686 1359 1703 1394 Ι
1727 1359 1783 1403 59,
1809 1359 1863 1394 23.

353 1419 496 1451 tentem
528 1416 545 1451 I
578 1416 634 1461 73,
667 1416 711 1450 10
743 1415 903 1460 (Paul.),·
936 1415 982 1457 cs.
1016 1415 1067 1449 IV
1102 1416 1272 1451 deificari
1304 1417 1358 1460 (z
1375 1417 1423 1451 ad
1453 1416 1545 1452 deos
1576 1416 1673 1461 tolli)
1702 1416 1718 1451 I
1747 1416 1803 1460 24,
1832 1417 1863 1450 4.

352 1474 432 1518 398,
461 1474 479 1508 1
508 1477 546 1509 et
575 1474 615 1508 11
645 1473 777 1517 (Vah).

307 1532 509 1567 dealbatus
539 1535 647 1567 veste
678 1531 713 1565 II
743 1531 798 1575 25,
829 1531 861 1566 2.

308 1589 583 1634 ’¹²deargentata
605 1588 782 1623 columba
804 1588 838 1622 II
862 1588 942 1632 526,
966 1588 1020 1622 12.

307 1646 565 1682 debacchatur
599 1646 804 1691 impunitas
838 1646 871 1680 II
902 1646 982 1690 586,
1014 1646 1067 1681 18.

1102 1474 1251 1509 delator
1296 1474 1391 1519 legis
1438 1474 1591 1519 Moyses
1637 1474 1672 1509 II
1718 1474 1774 1518 41,
1821 1475 1863 1509 19

1149 1532 1343 1575 (urbicus‘
1384 1531 1569 1577 quidam).

1103 1589 1381 1625 delectabiliter
1424 1589 1582 1635 diligere
1626 1589 1678 1623 IV
1720 1590 1800 1627 521.
1843 1590 1864 1623 5

1150 1647 1323 1692 (Lony.);
1352 1648 1398 1688 cf.
1428 1647 1480 1681 111
1509 1647 1588 1691 434,
1615 1647 1648 1682 9.

307 1704 433 1740 debite
449 1705 536 1739 adv.
556 1704 811 1749 (oppgratis)
835 1703 886 1738 IV
911 1704 989 1747 208,
1013 1703 1067 1738 11.
1103 1704 1294 1750 delegare:
1333 1704 1473 1749 Optato
1510 1704 1698 1750 delegavi,
1734 1708 1777 1739 ut
1812 1707 1863 1739 te-

307 1762 489 1807 deceptor
521 1762 574 1797 III
607 1763 684 1806 733,
718 1762 750 1796 6.
783 1761 891 1796 liberi
922 1761 1068 1796 arbitrii

1150 1772 1235 1796 cum
1265 1762 1369 1808 legat
1396 1762 1430 1797 II
1459 1762 1537 1806 214,
1565 1763 1598 1797 3.

353 1820 588 1864 defensores,
618 1820 730 1854 immo
762 1819 987 1864 deceptores
1017 1819 1069 1853 IV
1106 1819 1310 1855 *delibatio
1338 1819 1524 1872 (ἀπαρχήι
1543 1821 1594 1855 IV
1630 1821 1685 1864 60,
1725 1821 1779 1855 19.

355 1878 434 1922 186,
458 1878 513 1912 14.

308 1935 528 1979 deceptoria
557 1935 640 1969 laus
671 1935 703 1969 II
733 1935 812 1970 618.
842 1935 897 1969 20.

1104 1878 1305 1913 deliciatur
1371 1879 1427 1922 (z
1443 1878 1671 1922 delectatur)
1738 1877 1865 1913 anima

1150 1946 1235 1970 inea
1259 1935 1294 1970 II
1319 1936 1399 1980 636,
1425 1936 1445 1970 2
1471 1935 1605 1979 (Seu).

307 1993 513 2027 declinare:
545 1992 694 2037 linguas
725 1992 919 2027 hominum
949 1992 1069 2036 inqui·
1103 1993 1304 2029 deliniare:
1331 1994 1496 2028 mundus
1521 2004 1543 2028 a
1568 1997 1749 2038 quattuor
1774 2003 1863 2028 ven-

355 2050 492 2085 sitione
529 2050 583 2093 (z
600 2049 648 2084 ab
684 2049 835 2094 inquis.)
871 2049 1067 2084 criminum

356 2117 510 2142 suorum
537 2107 728 2142 declinare
756 2107 789 2141 II
815 2108 871 2151 93,
888 2107 928 2142 16.

309 2165 520 2200 decolorati
544 2175 668 2200 mores
695 2165 746 2199 ΙΙΙ
772 2165 849 2208 136,
876 2165 906 2199 1.
931 2174 978 2200 ne
1003 2164 1069 2199 ali-

1150 2050 1199 2086 tis
1228 2050 1433 2085 deliniat-ur
1463 2050 1497 2085 II
1529 2050 1607 2094 201,
1639 2051 1692 2085 15.

1104 2108 1352 2143 dementatio:
1377 2119 1537 2153 quorum
1561 2112 1706 2143 mentes
1730 2108 1765 2143 d.
1788 2118 1863 2143 non

1151 2169 1260 2201 tanta
1286 2166 1459 2210 possedit
1484 2166 1536 2200 IV
1560 2166 1641 2210 320,
1665 2166 1699 2200 5.

356 2222 445 2267 quid
483 2222 641 2258 inferius
679 2226 717 2257 et
753 2222 918 2267 quodam
956 2222 1068 2257 modo
1104 2223 1290 2258 demoliri:
1328 2224 1459 2267 facies,
1494 2227 1535 2258 ut
1571 2227 1609 2258 et·
1643 2222 1738 2257 alios
1775 2222 1863 2257 mihi

356 2279 614 2314 decoloratius
657 2279 769 2314 deum
813 2290 897 2315 esse
940 2279 1066 2314 creda-

356 2348 438 2372 mus
468 2337 502 2371 ΙΙ
531 2337 609 2381 721,
639 2337 694 2371 21.

310 2395 607 2429 decrementum:
651 2394 887 2429 incrementa
928 2397 967 2429 et
1007 2394 1069 2429 de-

1150 2281 1293 2326 aliquid
1325 2281 1428 2316 aliud
1461 2280 1701 2316 scribendum
1735 2280 1864 2315 volen-

1151 2341 1208 2373 tes
1250 2338 1447 2383 iniungere
1487 2349 1510 2373 a
1548 2349 1606 2374 me
1646 2337 1863 2373 demoliaris

1151 2396 1289 2441 Il·642,
1313 2396 1346 2431 9.

356 2455 551 2486 crementa
575 2453 622 2495 (v.
649 2453 671 2487 l.
696 2451 939 2496 detrimenta)
964 2452 1069 2486 luna-
1103 2453 1287 2489 denotare
1324 2454 1379 2497 (z
1396 2453 1571 2499 arguere)
1608 2453 1793 2489 stultitiae
1830 2452 1864 2487 II

357 2509 413 2544 ria
440 2509 473 2543 II
503 2510 580 2552 175,
609 2509 663 2544 14.

1151 2511 1229 2554 703,
1259 2511 1302 2546 17
1331 2511 1491 2555 (Cous).

310 2566 525 2601 decretalis:
556 2567 719 2602 ecclesia
748 2568 1070 2612 pronuntiationis
1104 2568 1290 2612 deperire:
1318 2569 1408 2613 quid
1434 2572 1499 2604 tuo
1526 2569 1721 2613 proposito
1748 2568 1864 2613 (dat.)

357 2623 481 2658 iustae
525 2624 676 2659 firmata
718 2624 973 2660 decretalibus

357 2682 436 2725 704,
468 2682 484 2715 1
518 2682 696 2725 (Imma).

311 2738 511 2774 decurrere
553 2741 609 2783 (z
626 2739 691 2782 ire,
730 2740 877 2784 venire)
917 2741 964 2775 ad
1005 2740 1070 2775 ali-

358 2806 468 2839 quem
496 2796 548 2831 IV
572 2796 652 2841 502,
678 2797 722 2831 22
747 2798 884 2841 (Dar).

1018 2625 1070 2660 III

1151 2626 1362 2670 deperiret?
1389 2626 1440 2660 IV
1464 2626 1544 2669 629,
1570 2626 1623 2661 10.
1649 2630 1655 2634 ’

1104 2683 1308 2727 deponere:
1343 2683 1392 2718 ab
1423 2684 1566 2719 honore
1599 2683 1797 2728 depositus
1829 2682 1863 2717 11

1150 2741 1207 2784 91,
1259 2740 1313 2775 22.
1365 2752 1388 2775 a
1438 2741 1610 2775 vanitate
1663 2740 1862 2785 superbiae

1151 2798 1254 2842 prius
1286 2798 1335 2833 ad
1367 2798 1616 2833 humilitatem
1648 2797 1860 2842 deponendi
