2078 3054
293 176 378 219 236

962 190 1104 226 Index
1132 191 1177 227 V.

301 305 354 341 Ia
368 316 391 340 n
407 316 430 340 u
445 316 468 341 a
482 316 499 340 r
514 305 564 341 iu
579 316 596 341 s
640 306 847 349 episcopus
890 305 928 340 in
971 315 1060 340 con·
1084 304 1133 340 id
1149 306 1196 340 ol
1213 317 1306 341 um:
1344 307 1449 352 leges
1484 312 1619 344 contra
1654 309 1843 345 idolorum

339 363 428 399 cilio
477 363 774 410 Carthaginensi
823 363 948 399 adfuit
998 361 1052 397 111

338 422 417 466 653,
443 422 475 457 3.

292 490 604 536 Ianuarius,
643 490 935 526 Donatistarum
974 489 1073 541 epi-j

339 559 490 594 scopus,
525 549 575 585 ad
610 559 722 594 quem
758 547 888 584 clerici
922 548 1051 584 catho-

337 606 402 643 lici
430 607 599 653 regionis
628 606 951 651 Hipponiensium
979 605 1052 641 Re-

337 665 486 710 giorum
533 664 720 701 miserunt
766 674 825 709 ep.
862 664 916 709 88,
976 664 1051 699 iam

337 722 476 768 grandi
505 727 588 759 erat
618 726 745 760 aetate
776 721 812 756 II
840 723 921 767 407,
950 722 1003 757 11.

290 780 585 816 Ianuarius
633 791 717 816 cum
767 780 956 826 quaedam
1006 779 1049 814 A.

336 839 668 885 interrogavisset,
697 847 925 882 responsum
955 838 1051 874 inte-

336 896 407 932 rim
440 897 596 941 aceepit>
624 906 683 941 ep.
716 897 761 932 54
794 896 949 932 adiecta
981 905 1049 940 spe

336 955 429 1000 fore,
478 958 531 999 ut,
582 965 679 1000 quae
729 954 1050 1000 interrogavisset

334 1012 422 1057 alia,
457 1012 533 1048 alio
565 1016 738 1057 tempore
774 1011 1049 1057 expedirentur

336 1070 371 1105 II
415 1070 490 1116 168,
535 1071 590 1106 24.
646 1071 748 1116 quod
792 1070 963 1106 debitum
1006 1072 1049 1104 ut

335 1128 572 1173 redderetur,
631 1139 715 1164 cum
774 1138 841 1173 per
898 1127 1049 1163 litteras

336 1186 646 1231 commonuisset,
671 1186 714 1222 A.
740 1197 799 1231 ep.
824 1186 868 1221 55
891 1186 941 1221 ad
961 1197 1048 1223 eum

335 1244 440 1280 misit
458 1244 504 1279 .11
534 1244 612 1291 169,
641 1245 672 1280 4.
842 1251 844 1253 ’

287 1301 602 1347 Ianuarius,
653 1302 869 1338 litterarum
910 1301 1048 1351 fidissi-

335 1370 418 1395 mus
461 1360 640 1405 perlator,
683 1359 732 1395 ab
774 1359 818 1395 A.
863 1370 948 1395 cum
992 1369 1070 1410 ep„

335 1418 402 1454 186
447 1418 497 1454 ad
540 1415 744 1454 Paulinum
790 1418 930 1453 missus
955 1412 1070 1462 -est,'

334 1486 402 1520 per
425 1487 536 1522 quem
561 1476 689 1511 omnia
705 1480 837 1520 posset
852 1480 1048 1521 tamquam
1067 1504 1070 1523 ἰ

334 1545 401 1578 per
436 1535 633 1570 viventem
670 1538 785 1580 atque
823 1533 1048 1579 intellegen-

334 1597 409 1628 tem
436 1592 641 1636 epist-ulam
667 1602 826 1628 noscere
853 1591 906 1626 IV
931 1591 989 1636 45,
1014 1591 1047 1627 5.

287 1649 449 1685 Iason
500 1654 538 1686 et
591 1650 778 1694 Bonosus,
832 1648 1047 1685 doctissimi

334 1712 441 1743 trans
491 1718 596 1744 mare
647 1707 721 1743 viri
774 1707 929 1742 Arriani
993 1706 1047 1741 IV

333 1766 412 1810 563,
439 1766 493 1801 19.

287 1823 611 1859 idolatriam
660 1824 699 1859 in
749 1824 863 1859 corde
912 1827 1045 1858 nostro

333 1892 380 1917 ex
411 1882 690 1918 consuetudine
719 1881 928 1917 visibilium
959 1891 1046 1917 con-

334 1940 492 1976 stituere
527 1944 688 1975 conatur
721 1940 911 1976 humanae
945 1939 1047 1985 cogi-

333 1997 493 2033 tationis
529 1997 731 2033 infirmitas
768 1997 804 2032 11
841 1997 920 2042 710,
954 1998 987 2032 5.

289 2055 528 2091 idolium.
571 2055 825 2100 idolothytus:
883 2055 915 2091 si
958 2055 1043 2100 quis

333 2113 460 2149 victus
509 2113 621 2148 famis
670 2113 902 2149 necessitate
952 2112 1046 2148 nihil

332 2171 482 2215 uspiam
516 2171 709 2207 invenerit
741 2171 816 2206 nisi
848 2166 973 2207 cibum
1007 2170 1045 2205 in

333 2229 450 2264 idolio
482 2229 662 2274 positum,
692 2227 757 2265 ubi
787 2229 886 2264 alius
918 2228 1044 2264 nullus

332 2292 390 2322 cst
451 2286 659 2331 hominum,
719 2287 855 2323 melius
915 2290 1045 2321 tamen

332 2344 552 2380 Christiana
589 2344 732 2380 virtute
769 2343 974 2389 respuitur,
1013 2343 1045 2379 si

332 2406 477 2438 certum
528 2407 587 2438 est
636 2413 720 2438 esse
771 2402 1057 2447 idolothytum,-

333 2460 365 2495 si
389 2464 517 2495 autem
542 2460 603 2496 vel
629 2470 705 2495 non
731 2470 815 2496 esse
839 2460 958 2496 scitur
981 2459 1044 2495 vel

333 2518 542 2563 ignoratur,
572 2518 653 2553 sine
679 2518 757 2553 ullo
783 2518 1044 2559 conscientiae

332 2575 511 2620 scrupulo
559 2575 597 2610 in
644 2586 754 2611 usum
800 2575 1044 2611 necessitatis

332 2633 547 2668 adsumitur
596 2632 631 2667 11
673 2633 751 2679 136,
790 2633 915 2668 9—20.
966 2643 1043 2668 non

333 2695 479 2735 peccat,
523 2691 588 2736 qui
632 2690 756 2726 cibum
800 2694 938 2734 postea
981 2701 1043 2726 ne-

332 2749 457 2784 sciens
477 2748 782 2793 manducaverit,
803 2759 915 2794 quem
937 2748 1044 2793 prius

332 2811 526 2851 tamquam
583 2805 840 2852 idolothytum
898 2805 1045 2851 respuit

333 2863 368 2898 lI
396 2864 472 2909 133,
501 2864 554 2900 17.

1139 364 1307 401 cultores
1349 365 1558 402 Christiani
1599 367 1851 411 imperatores

1140 422 1310 458 tulerunt
1336 427 1374 458 et
1399 433 1446 459 ex
1472 424 1527 460 eis
1553 424 1662 460 multi
1688 426 1851 461 correcti

1138 485 1177 515 et
1218 481 1268 516 ad
1309 481 1422 517 deum
1466 482 1598 518 vivum
1641 493 1851 529 verumque

1139 539 1317 574 conversi
1345 543 1435 574 sunt
1460 544 1498 575 et
1525 540 1666 576 cotidie
1692 551 1852 576 conver-

1138 600 1271 632 tuntur
1305 596 1341 631 II
1376 597 1454 642 471,
1491 597 1545 633 14.
1582 607 1660 633 non
1692 608 1852 635 vescen-

1137 654 1228 689 dum
1270 654 1411 698 holere,
1454 656 1556 700 quod
1599 656 1770 691 nascitur
1812 656 1851 691 in

1138 711 1249 747 horto
1284 712 1415 757 templi
1451 712 1554 757 idoli,
1590 713 1766 759 idemque
1800 714 1854 749 di-

1137 769 1300 805 cendum
1329 774 1388 806 est
1416 770 1463 806 de
1493 774 1610 815 puteo
1640 771 1703 807 vel
1731 771 1850 816 fonte,

1137 827 1220 878 qui·
1246 827 1285 862 in
1324 828 1468 872 templo
1510 832 1580 874 est,
1621 827 1863 879 'praesertim

1137 887 1169 922 si
1204 885 1351 931 aliquid
1384 886 1659 923 sacrificiorum
1694 887 1734 923 in
1768 887 1851 923 fon-

1136 946 1213 979 tem
1255 944 1318 980 vel
1359 948 1518 988 puteum
1559 944 1771 989 proiciatur
1814 944 1850 980 II

1138 1001 1215 1046 134,
1254 1002 1285 1037 2.
1324 1001 1552 1038 Donatistae
1591 1003 1640 1038 ad
1679 1013 1850 1049 pagano-

1135 1070 1218 1095 rum
1284 1059 1564 1096 sollemnitates
1629 1061 1848 1105 veniebant,

1135 1127 1212 1152 non
1240 1121 1283 1153 ut
1311 1118 1416 1153 idola
1445 1118 1679 1164 frangerent,
1709 1119 1776 1155 sed
1807 1123 1849 1154 ut

1135 1174 1443 1211 interficerentur
1475 1187 1499 1211 a
1528 1176 1740 1212 cultoribus
1770 1177 1849 1212 ido-

1134 1232 1258 1269 lorum
1296 1233 1349 1269 IV
1388 1233 1441 1278 11,
1478 1234 1514 1278 33
1554 1245 1642 1270 nam
1680 1234 1848 1270 cultores

1136 1285 1336 1336 idolorum,
1380 1296 1473 1337 quot
1514 1292 1600 1338 quis
1642 1292 1848 1336 occideret,

1135 1348 1231 1393 ipsis
1256 1349 1370 1386 idolis
1394 1360 1538 1387 vovere
1564 1354 1848 1387 consueverant

1136 1407 1191 1452 11,
1216 1407 1249 1443 9.

1087 1469 1461 1506 Idumaeorum
1500 1481 1596 1516 gens
1637 1472 1847 1507 secundum

1135 1528 1323 1574 originem
1364 1529 1491 1565 carnis
1531 1529 1581 1565 ad
1621 1529 1724 1565 Esau
1764 1540 1847 1574 per-

1134 1586 1294 1631 tinebat,
1341 1587 1406 1632 qui
1453 1586 1580 1623 dictus
1626 1591 1685 1623 est
1731 1587 1846 1624 etiam

1134 1644 1255 1680 Edom
1283 1644 1336 1679 IV
1361 1645 1439 1689 227,
1468 1645 1522 1680 11.

1087 1706 1353 1743 ieiunare.
1395 1707 1592 1743 ieiunium:
1649 1709 1689 1743 in
1730 1711 1847 1743 testa-

1132 1769 1262 1802 mento
1320 1775 1422 1801 novo
1480 1769 1730 1810 praeceptum
1788 1769 1847 1801 est

1133 1823 1333 1867 ieiunium3
1371 1824 1508 1869 quibus
1545 1828 1674 1859 autem
1711 1824 1846 1859 diebus

1134 1891 1211 1916 non
1238 1885 1418 1925 oporteat
1444 1881 1614 1917 ieiunare
1643 1885 1681 1917 et
1709 1882 1846 1927 quibus

1133 1943 1323 1984 oporteat,
1360 1944 1568 1984 praecepto
1605 1939 1751 1975 domini
1783 1939 1846 1975 vel

1133 1996 1397 2041 apostolorum
1436 2008 1513 2032 non
1551 2001 1609 2033 est
1645 1996 1845 2033 definitum

1133 2054 1169 2089 II
1197 2055 1253 2099 54,
1283 2054 1342 2099 213
1370 2055 1418 2097 ct.
1446 2055 1501 2099 61,
1531 2055 1585 2090 17.
1613 2065 1697 2090 cum
1727 2054 1845 2090 offen-

1133 2113 1240 2148 sione
1277 2123 1401 2158 neque
1438 2113 1750 2148 manducandum
1788 2116 1846 2148 est

1133 2181 1255 2216 neque
1314 2170 1576 2215 ieiunandum,
1635 2181 1719 2205 cum
1777 2179 1845 2214 per

1131 2228 1354 2264 utramlibet
1376 2228 1712 2273 intemperantiam
1738 2238 1845 2264 scan-

1132 2286 1222 2322 dala
1249 2286 1491 2322 concitentur
1518 2286 1553 2321 II
1579 2286 1635 2330 51,
1655 2285 1717 2321 13.
1745 2285 1844 2321 sicut

1132 2343 1273 2379 malum
1327 2348 1384 2379 est
1439 2343 1594 2388 homini,
1660 2343 1725 2389 qui
1776 2353 1844 2387 per

1132 2401 1382 2437 offensionem
1421 2402 1640 2446 manducat,
1678 2402 1732 2437 ita
1768 2411 1844 2436 ma-

1132 2460 1219 2494 lum⁴
1244 2462 1304 2495 est
1338 2459 1493 2503 homini,
1529 2459 1594 2506 qui
1628 2469 1695 2504 per
1729 2458 1847 2494 offen-

1133 2517 1279 2553 sionem
1316 2517 1462 2552 ieiunat
1499 2516 1534 2551 II
1571 2517 1627 2561 55,
1664 2516 1716 2551 14.
1753 2516 1844 2551 ieiu-

1132 2575 1236 2610 nium
1274 2575 1390 2610 certis
1429 2574 1564 2610 diebus
1603 2579 1640 2610 et
1677 2573 1842 2609 maxime

1132 2632 1241 2668 festis
1296 2643 1374 2667 non
1429 2632 1557 2677 agitur
1611 2631 1647 2682 Il
1700 2632 1757 2675 48,
1813 2631 1843 2665 1.

1130 2694 1268 2736 quarta
1304 2690 1453 2725 sabbati
1487 2689 1634 2725 ieiunat
1667 2688 1842 2731 ecclesia,

1130 2749 1233 2793 quod
1282 2758 1328 2783 eo
1374 2748 1436 2783 die
1485 2746 1686 2782 consilium
1736 2755 1843 2790 repe-

1130 2806 1281 2841 riuntur
1327 2805 1376 2841 ad
1424 2803 1677 2840 occidendum
1724 2803 1843 2839 dorni-

1132 2874 1221 2900 num
1263 2863 1400 2900 fecisse
1441 2862 1575 2899 Iudaei
1615 2861 1652 2897 II
1691 2862 1747 2908 59,
1788 2861 1840 2897 18.
