2078 3054
871 149 1009 184 Index
1036 148 1110 183 111.
1684 137 1737 177 23

239 266 309 300 lum
349 265 392 299 72
435 264 600 307 scripsit.
642 275 753 308 quam
800 264 897 299 idem
941 263 1158 308 Cyprianus
1204 263 1240 298 in
1285 263 1451 298 Africam
1495 263 1647 298 rediens
1689 263 1736 297 ad

238 321 492 366 Augustinum
517 322 714 365 perferret.
751 331 825 366 quo
848 321 950 355 facto
974 331 1057 355 cum
1082 315 1411 364 etiam'epistulae
1436 320 1480 355 28
1503 325 1541 355 et
1565 322 1620 361 40,
1644 331 1738 365 quas

239 379 475 422 Augustinus
499 379 649 413 mittere
673 389 713 413 se
739 378 837 414 velle
861 378 1011 413 dixerat
1037 388 1157 423 neque
1182 388 1273 413 vero
1298 389 1374 412 una
1396 388 1479 412 cum
1504 378 1668 421 epistula
1696 378 1733 412 71

238 436 417 479 miserat,¹
451 436 487 470 in
519 434 742 480 Hieronymi
772 446 908 470 manus
942 435 1220 479 pervenissent,
1251 434 1506 480 Hieronymus
1538 435 1738 470 confestim

238 493 284 527 ad
320 503 376 535 ea,
410 503 507 537 quae
543 493 780 537 Augustinus
816 493 853 527 in
891 492 965 526 illis
999 492 1174 536 epistulis
1210 492 1367 527 iuvenili
1404 493 1566 537 quodam
1604 493 1739 527 ardore

237 549 374 583 ductus
403 551 437 585 ei
467 551 780 593 exprobraverat,
809 550 976 593 epistula
1005 549 1050 584 75
1080 550 1173 584 satis
1206 550 1322 594 longa
1352 550 1551 593 respondit
1581 560 1740 594 eamque

237 607 439 651 epistulam
469 607 591 642 eidem
620 606 814 651 Cypriano
843 607 992 651 deditss)
1034 617 1130 651 quae
1160 607 1248 641 dum
1277 611 1471 651 geruntur,
1502 607 1740 651 Augustinus

238 675 312 708 quo
331 664 519 707 epistulae
542 665 587 699 68
611 665 872 708 responderet,
897 664 1099 708 epistulam
1124 665 1169 699 73
1197 664 1350 707 scripsit
1364 664 1391 708 ³)
1420 669 1457 700 et
1483 665 1530 699 ad
1556 664 1741 709 Hierony-

240 733 338 756 mum
382 722 606 756 mittendam
648 722 808 765 curavit,
849 722 1069 766 priusquam
1110 721 1326 766 Cyprianus
1367 722 1414 756 ad
1457 733 1540 757 eum
1581 722 1738 757 rediitstl

239 779 366 822 itaque
401 779 567 821 perlator
601 779 788 822 epistulae
822 780 865 814 73
899 784 936 814 et
969 779 1186 823 Cyprianus
1223 789 1305 814 curn
1341 779 1516 822 epistulis
1550 780 1594 813 72
1628 784 1665 813 et
1698 780 1741 813 75

239 836 348 869 siinul
377 836 413 870 in
446 836 580 871 itinere
611 836 729 871 fuisse
761 841 796 871 et
830 836 915 871 illae
949 841 1026 871 tres
1060 836 1247 880 epistulae
1281 837 1382 870 intra
1411 827 1525 871 breve
1558 836 1741 880 temporis

240 893 404 935 spatium
446 905 478 927 a.
518 894 700 928 403—404
745 894 910 938 scriptae
951 904 1033 929 esse
1075 894 1265 929 videntur.
1318 902 1402 928 eum
1443 904 1519 937 qua
1559 893 1741 937 temporis

239 950 496 993 descriptione
521 951 708 994 congruit,
731 952 830 995 quod
855 956 913 986 est
939 952 976 986 in
1002 949 1166 995 epistula
1188 952 1232 986 75
1256 962 1291 995 p.
1315 951 1392 993 289,
1417 951 1471 985 15:
1498 952 1594 991 Quid
1616 952 1741 986 dicam

239 1006 286 1041 tle
319 1007 498 1046 Iohanne,
530 1010 595 1052 qm·
626 1008 767 1043 dudum
804 1010 841 1043 in
875 1010 1086 1053 pontificali
1117 1009 1239 1053 yradu
1275 1009 1740 1051 Constantinopolitanam

240 1065 338 1099 rexit
362 1065 585 1099 ecclesiam?
626 1070 775 1099 amotus
805 1072 861 1100 est
892 1067 990 1100 enim
1023 1067 1070 1100 ab
1099 1066 1326 1109 episcopatu
1358 1064 1548 1100 Iohannes
1581 1065 1743 1109 Chryso-

240 1126 384 1155 stomus
412 1122 537 1157 medio
564 1132 664 1156 anno
693 1123 770 1156 403.

379 1179 493 1213 Lecta
520 1180 686 1223 epistula
710 1181 754 1214 68
779 1192 862 1215 cum
890 1181 1148 1225 perspexisset
1179 1181 1428 1224 Augustinus.
1458 1185 1601 1225 quanta
1627 1179 1744 1215 offen-

242 1235 346 1269 sione
381 1236 650 1280 Hieronymum
686 1236 889 1275 affecisset.
924 1249 998 1272 non
1035 1239 1126 1272 satis
1163 1237 1293 1272 habuit
1328 1248 1440 1281 quam
1475 1237 1633 1281 primum
1670 1237 1745 1281 epi-

241 1294 341 1328 stula
365 1295 407 1327 73
433 1295 480 1337 id,
505 1295 605 1339 quod
631 1295 880 1339 peccavisset.
906 1297 1107 1341 corrigere,
1133 1297 1198 1330 sed
1224 1296 1337 1331 etiam
1363 1296 1535 1330 Praesidi
1559 1295 1740 1330 auxilium

241 1350 458 1394 imploravit
503 1352 611 1396 eique
659 1352 758 1387 illam
806 1353 1007 1395 epistulam
1052 1353 1209 1388 tradidit
1256 1363 1407 1398 rogans,
1453 1358 1493 1387 ut
1537 1353 1617 1395 ipse
1662 1363 1742 1387 eam

242 1407 472 1453 Hieronymo
511 1410 679 1444 mitteret·
716 1410 868 1454 suisque
906 1411 1043 1445 litteris
1081 1411 1265 1445 adiuvare
1304 1421 1379 1445 non
1417 1415 1655 1454 gravaretur.
1707 1410 1742 1444 id

242 1466 382 1500 factum
406 1471 461 1500 est
489 1467 652 1509 epistula
680 1468 724 1501 74
750 1467 861 1502 simul
888 1479 970 1502 cuin
998 1468 1164 1511 epistula
1191 1469 1233 1501 73
1262 1468 1415 1511 scripta.

381 1523 554 1566 Epistula
586 1524 629 1558 76
663 1525 805 1567 scripta
838 1530 893 1559 est
927 1536 999 1559 non
1033 1525 1150 1560 multo
1183 1531 1266 1569 post
1302 1525 1503 1559 concilium
1536 1525 1625 1558 Ylll
1660 1524 1744 1558 Kal.

243 1580 475 1623 septembris
495 1592 527 1615 a.
549 1583 615 1615 403
637 1582 867 1625 Carthagine
889 1582 1068 1617 habitum.
1103 1584 1139 1617 in
1161 1593 1234 1627 quo
1260 1582 1421 1616 concilio
1443 1594 1525 1616 cum
1549 1583 1743 1617 decretum

242 1644 352 1673 esset.
389 1643 426 1672 ut
466 1637 751 1672 Donatistarum
790 1639 959 1682 episcopi
997 1640 1294 1674 convenirentur
1329 1644 1363 1674 et
1404 1641 1451 1674 ad
1489 1640 1743 1674 conlationem

244 1700 556 1737 provocarentur,
599 1707 684 1740 qua7
728 1696 908 1741 quicquid
951 1697 1187 1741 quaestionis
1230 1702 1341 1733 esset.
1385 1698 1486 1741 quod
1533 1697 1679 1731 illorum
1724 1708 1744 1731 a

243 1752 439 1786 catholicis·
474 1758 667 1795 separaret
703 1754 1016 1788 communionem.
1052 1766 1134 1789 cum
1169 1765 1262 1798 pace
1299 1755 1560 1797 disputaretur
1595 1759 1627 1788 et
1666 1759 1746 1788 tan-

242 1808 325 1843 dem
351 1810 558 1854 aliquando
588 1810 696 1845 tinem
727 1815 952 1845 veternosus
982 1823 1085 1847 error
1114 1812 1347 1855 acciperet‚⁵)
1381 1811 1433 1846 illi
1465 1812 1743 1855 responderunt

249 1868 370 1900 serbis
411 1867 512 1907 dolo,
555 1868 834 1908 maledictione,
877 1870 1130 1902 anmrftmline
1173 1869 1338 1912 plenis‘')
1384 1874 1418 1903 et
1464 1869 1747 1902 proculeianus.

243 1925 447 1968 episcopus
488 1924 692 1960 Donatista
731 1925 1014 1969 Hipponiensis.
1055 1937 1137 1961 cum
1180 1927 1300 1970 primo
1340 1927 1498 1961 dixisset
1543 1927 1746 1970 episcopos

244 1982 364 2023 partis
391 1993 481 2016 suae
508 1982 675 2020 ‚concilio
710 1983 822 2018 facto.
855 1984 943 2027 quid
979 1984 1208 2026 respondere
1242 1985 1436 2027 deberent,
1469 1984 1746 2018 deliberaturos

245 2050 340 2075 esse.
378 2039 515 2072 deinde
562 2051 708 2074 ornnem
755 2040 951 2082 pat-iticam
997 2041 1250 2076 conlationem
1295 2041 1530 2081 recusavitfy.
1590 2052 1663 2085 qua
1709 2051 1745 2075 re

245 2095 481 2139 Augustinus
518 2097 585 2130 liae
623 2097 789 2140 epistula
824 2098 942 2140 ipsum
983 2097 1270 2133 Donatistarum
1308 2099 1454 2142 plebem
1492 2098 1659 2142 appellat
1698 2103 1745 2133 et.

245 2163 318 2196 quo
348 2159 633 2196 cognoscerent.
669 2165 765 2199 quae
801 2165 927 2189 eorum
964 2155 1134 2199 episcopi
1169 2156 1366 2199 disputare
1406 2155 1560 2194 nollent,
1595 2155 1745 2189 discidii

245 2219 397 2243 causam
427 2211 591 2245 breviter
619 2212 792 2254 exponit:
829 2213 932 2245 vobis
959 2213 1079 2253 laicis,
1106 2213 1197 2247 dicit
1228 2213 1264 2247 in
1293 2218 1464 2247 extrema
1494 2212 1670 2255 epistula.
1699 2213 1747 2247 ad

248 2268 319 2301 ista
352 2269 607 2311 respondeant
639 2270 811 2312 episcopi
842 2260 971 2310 'fies-tri,
1002 2271 1035 2303 si
1065 2270 1259 2303 nobiscum
1293 2270 1397 2313 loque·
1428 2270 1576 2310 nohum
1606 2271 1639 2303 si
1669 2270 1749 2312 lupi

246 2325 446 2359 com-ilium
472 2326 667 2367 (fecerunt.
706 2330 754 2371 ut,
785 2327 1003 2370 pastoribus
1041 2338 1115 2361 non
1155 2328 1425 2371 respondeant,
1463 2338 1537 2372 qua
1579 2339 1617 2362 re
1655 2338 1747 2361 oves

247 2383 443 2416 consilium
472 2383 732 2426 perdiderunt,
759 2388 799 2417 nt
824 2385 872 2418 (nl
898 2385 1071 2428 luporum
1099 2385 1302 2428 speluncas
1328 2385 1537 2418 accedant?

387 2496 414 2531 ¹>
443 2496 488 2529 cf.
519 2508 551 2539 p.
578 2497 655 2531 257.
683 2497 826 2530 11-12.
1038 2499 1067 2540 ’ἢ
1097 2508 1131 2541 p.
1156 2499 1235 2534 381.
1260 2499 1365 2534 5—62
1391 2499 1469 2541 387,
1494 2499 1527 2532 6.

386 2553 413 2589 ²⁵)
444 2563 478 2595 p.
506 2553 582 2590 ⁶264,
610 2553 709 2587 2-4.
1039 2555 1067 2588 ⁴¹)
1097 2564 1132 2598 p.
1165 2555 1242 2593 263,
1272 2556 1372 2589 4—6.

385 2609 413 2641 ⁵·
445 2610 564 2644 Maus-i
596 2611 728 2644 concil.
761 2611 843 2644 coll.
878 2611 927 2645 llI
963 2622 996 2655 p.
1029 2613 1091 2645 791
1109 2613 1253 2647 c—-794
1268 2612 1307 2647 C.

386 2667 414 2701 “l
444 2668 490 2700 cf.
520 2668 614 2711 Aug.
643 2673 776 2702 contra
805 2669 1049 2704 Cresconium
1078 2669 1100 2703 l.
1130 2669 1183 2703 III
1211 2680 1240 2703 c.
1269 2670 1313 2704 45
1345 2669 1485 2715 (Migne
1518 2670 1650 2712 patrol.
1683 2669 1746 2703 lat.

249 2721 367 2756 XLIII
391 2734 424 2766 p.
449 2724 527 2767 523,
552 2725 693 2768 6—21).

387 2780 414 2822 ⁷]
444 2791 501 2824 ep.
530 2783 573 2815 88
602 2792 634 2825 p.
662 2783 740 2825 413,
770 2783 893 2816 8—16.
