2078 3054
908 118 1047 153 ludex
1075 118 1118 152 V.

288 241 374 271 tura
422 234 621 277 praedicta
671 236 770 276 sunt,
819 231 896 266 alia
945 228 994 264 ad

286 292 477 328 excidium
514 290 752 326 Hierusalem
790 289 995 333 pertinent,

288 351 363 385 alia
404 349 451 384 ad
493 348 701 383 adventum
743 347 885 382 Christi
927 355 994 390 per

287 407 500 450 ecclesiam,
530 406 605 440 alia
635 406 683 440 ad
716 406 838 449 ipsum
871 404 994 447 finem,

288 466 325 500 in
361 475 435 510 quo
470 464 671 508 apparebit
705 463 817 497 vivos
853 461 996 496 iudica-

287 529 394 557 turus
437 527 474 557 et
517 526 702 564 mortuos,
744 520 836 566 quid
879 518 995 564 igitur

288 590 417 615 eorum
444 580 639 624 signorum
666 579 715 613 ad
742 574 833 623 quid
862 577 994 611 horum

289 638 401 673 trium
441 637 682 672 referendum
721 635 781 679 sit,
819 634 995 679 diligenti

288 695 597 730 consideratione
651 692 883 729 cernendum
939 695 995 727 est

290 753 339 786 lv
377 753 453 788 265.
489 752 636 794 9-271,
677 751 728 785 18.
762 754 878 794 capta
910 748 996 784 Hie-

290 811 452 845 rusalem
494 814 644 844 tenetur
684 819 706 843 a
746 807 996 843 Nabuchodo-

290 878 403 902 nosor
427 878 494 902 nee
520 867 732 902 Hieremiae
758 865 840 900 vult
863 865 995 900 audire

288 925 462 960 consilia:
496 925 587 970 quin
617 924 745 967 potius
777 923 996 967 Aegyptum

289 983 494 1026 desiderat,
525 989 566 1018 ut
594 982 778 1017 moriatur
808 981 845 1015 in
873 980 996 1024 Taph-

290 1051 355 1075 nes
384 1046 420 1075 et
448 1041 497 1075 ibi
528 1040 712 1075 servitute
741 1042 874 1082 pereat
903 1048 996 1073 sem-

291 1099 441 1141 piterna
472 1098 504 1132 11
538 1098 614 1137 746,
645 1097 665 1131 2
695 1096 844 1139 (He'er.).
878 1095 997 1131 caele-

290 1156 358 1190 stis
409 1155 657 1199 Hierusalem,
708 1154 826 1189 libera
877 1158 997 1187 mater

290 1218 422 1249 nostra
444 1213 492 1247 lv
517 1214 548 1257 9,
573 1214 627 1248 25.
652 1222 840 1256 supernae
866 1211 997 1246 Hieru-

290 1271 406 1306 salem
447 1282 515 1306 nos
554 1281 686 1306 omnes
724 1271 828 1305 cives
868 1278 997 1304 sumus

290 1329 341 1362 lv
388 1330 465 1364 371.
518 1330 569 1363 16.
634 1328 696 1362 illa
747 1327 997 1369 Hierusalem,

291 1387 398 1421 cuius
425 1387 529 1421 cives
557 1386 680 1421 sancti
705 1385 832 1429 angeli
859 1384 893 1418 ΙΙ
922 1385 997 1428 181,

293 1445 344 1478 15.
378 1444 615 1478 Hierusalem
652 1443 815 1478 futuram
851 1442 998 1478 deside-

292 1512 419 1536 ramus
446 1501 460 1535 I
486 1502 541 1537 96,
563 1502 595 1535 9.

246 1558 536 1594 liilarense
568 1559 751 1602 oppidum
782 1558 831 1592 IV
860 1559 936 1602 497,
967 1558 997 1592 6.

248 1616 365 1651 llila
381 1617 498 1651 rino
525 1623 559 1652 et
589 1617 703 1653 Felici
731 1617 915 1660 inscripta
941 1622 998 1650 est

292 1686 349 1719 ep.
381 1676 437 1710 77:
484 1685 514 1709 r.
545 1675 662 1709 Felix.

247 1732 567 1775 llilarinum,
607 1732 906 1776 Hipponiensem
942 1742 998 1766 ar-

291 1790 476 1825 chiatrum
521 1796 557 1825 et
603 1790 865 1833 principalem.
911 1789 998 1833 Aly-

292 1848 378 1891 pius
424 1854 457 1882 et
510 1849 550 1882 A.
603 1848 755 1882 Aurelio
816 1847 998 1890 episcopo

293 1906 655 1940 commendaverunt
692 1905 723 1938 ll
759 1906 812 1948 83,
847 1906 899 1939 19.

249 1962 278 1995 ll
295 1962 424 1997 ilari
441 1974 463 1997 u
479 1974 495 1997 s
540 1963 779 2004 l’ictavcnsis
823 1962 998 2007 Origenis

293 2026 327 2055 et
368 2021 505 2056 Eusebi
545 2021 775 2064 psalmorum
816 2021 999 2064 interpre-

294 2078 476 2113 tationem
516 2079 551 2113 in
588 2078 763 2113 Latinum
803 2078 997 2112 transtulit

296 2135 326 2169 ll
355 2137 432 2179 318,
463 2137 515 2170 12.
543 2136 781 2171 mendacium
812 2147 885 2170 non
916 2146 998 2169 esse

294 2194 520 2228 monstravit
554 2205 629 2228 non
659 2194 778 2228 solnm
810 2194 848 2228 in
879 2193 1000 2236 tropis

294 2262 423 2285 verum
462 2252 574 2286 etiam
614 2251 649 2285 in
686 2251 910 2295 metaphora
946 2250 998 2284 ΙΙΙ

293 2309 371 2344 699,
431 2310 462 2342 4.
523 2309 652 2343 ‹lt-cem
716 2309 998 2352 provinciarum

296 2366 521 2400 Asianarum
555 2372 617 2400 ant
651 2367 795 2400 zizania
829 2377 902 2400 non
937 2366 1000 2399 tri-

296 2424 409 2457 ticum
436 2424 615 2466 arguebat
645 2431 708 2458 ant
737 2424 859 2466 ipsum
886 2423 998 2458 etiam

296 2481 460 2515 triticum
498 2482 733 2524 arguendum
772 2481 930 2524 putabat
968 2480 999 2514 ΙΙ

296 2539 372 2574 477.
407 2539 461 2572 18;
496 2539 542 2579 cs.
575 2539 652 2581 476,
688 2539 738 2572 15.
771 2538 852 2573 eius
885 2538 1000 2572 libros

296 2596 338 2630 A.
370 2596 552 2639 opposuit
583 2596 820 2639 Vincentius,
853 2596 908 2630 uti
940 2606 1001 2630 ne-

295 2659 402 2696 garet
444 2653 642 2688 ecclesiam
687 2657 920 2689 crescentem
965 2653 999 2686 in

297 2711 470 2746 omnibus
492 2711 669 2756 gentibus
692 2721 809 2755 usqne
833 2711 867 2745 in
890 2711 1000 2745 tinem

299 2768 440 2803 saeculi
471 2767 505 2802 II
536 2769 614 2813 467,
645 2768 680 2811 63
713 2768 759 2809 cf.
791 2769 869 2813 480,
903 2768 955 2802 11.

1701 104 1784 145 233

1033 229 1282 265 Hilarius
1325 231 1541 275 episcopus,
1581 231 1630 266 ad
1673 241 1784 276 quem

1080 292 1186 323 trans
1218 299 1320 324 mare
1356 288 1425 331 (ΙΙΙ
1455 289 1532 332 689,
1562 289 1599 333 5)
1632 299 1691 333 ep.
1721 288 1786 323 178

1079 345 1125 381 de
1155 356 1256 382 nova
1284 346 1433 382 haeresi
1462 346 1671 392 Pelagiana
1700 346 1791 381 mis-v

1081 414 1124 438 sa
1150 408 1218 439 est.

1033 460 1300 506 Hilarius,
1353 461 1589 497 Arelatensis
1642 462 1786 505 episco-

1080 529 1163 563 pus,
1200 519 1430 563 praecipuae
1470 520 1712 554 auctoritatis
1750 524 1787 555 et

1081 577 1310 621 spiritalium
1362 577 1574 612 studiorum
1626 578 1695 621 vir,
1750 577 1785 612 in

1081 635 1166 670 aliis
1202 635 1377 670 omnibus
1413 636 1456 670 A.
1492 635 1689 670 doctrinae
1723 636 1787 670 ad-

1080 693 1237 727 mirator
1273 697 1515 738 sectatorque
1550 693 1596 728 de
1631 694 1787 737 praede-

1082 750 1288 786 stinatione
1321 755 1359 785 et
1390 751 1517 796 gratia
1548 751 1681 786 divina
1713 751 1785 785 iam

1082 808 1228 851 pridem
1260 819 1344 843 cum
1374 819 1419 843 eo
1450 818 1516 852 per
1547 809 1696 844 litteras
1723 819 1788 843 vo-

1082 866 1184 901 lebat
1224 866 1397 901 conferre
1438 866 1489 900 IV
1528 867 1605 910 467,
1645 867 1701 910 1·2;
1741 868 1786 908 cs.

1082 924 1160 968 479,
1186 924 1217 959 6.

1037 980 1284 1016 Hilarius
1315 981 1580 1026 Syracusanus
1614 981 1682 1024 (111
1710 982 1787 1024 448,

1082 1039 1113 1073 5.
1146 1039 1213 1083 12.)
1247 1050 1306 1083 ep.
1338 1040 1403 1074 156
1433 1039 1647 1083 complures
1677 1051 1789 1084 quae-

1083 1098 1228 1133 stiones
1264 1097 1306 1132 A.
1345 1097 1557 1141 proposuit,
1606 1098 1654 1132 ad
1694 1108 1789 1142 quas

1083 1155 1144 1189 ille
1193 1155 1393 1198 respondit
1441 1165 1500 1198 ep.
1539 1156 1603 1190 157
1650 1155 1790 1200 longis-

1084 1213 1189 1247 sima.

1036 1268 1285 1305 Hilarius
1329 1270 1449 1306 laicus
1497 1270 1563 1313 (IV
1607 1271 1686 1315 478,
1731 1271 1787 1309 16)

1083 1328 1275 1364 Massiliae
1324 1328 1386 1364 vel
1435 1329 1549 1363 etiam
1600 1329 1790 1374 aliquibus

1083 1386 1176 1420 locis
1206 1388 1242 1422 in
1273 1386 1397 1421 Gallia
1425 1387 1670 1431 quaestiones
1686 1386 1790 1421 Pela-

1083 1445 1218 1489 gianas
1258 1444 1416 1479 multum
1456 1444 1615 1479 tractari
1652 1448 1690 1479 et
1727 1444 1790 1478 ho-

1083 1502 1225 1537 minum
1264 1502 1412 1536 animos
1453 1502 1597 1537 turbari
1637 1513 1695 1545 ep.
1725 1501 1791 1536 226

1084 1560 1126 1594 A.
1173 1560 1341 1603 scripsit:
1389 1560 1449 1594 cui
1495 1560 1548 1594 rei
1595 1559 1791 1603 provideri

1085 1622 1261 1661 oportere
1289 1617 1339 1651 lv
1363 1618 1441 1661 469,
1465 1618 1499 1651 4:
1523 1628 1557 1652 ι’.
1581 1617 1790 1652 Massilien-

1085 1675 1135 1709 sis
1185 1676 1284 1710 urbs.
1333 1676 1448 1710 etiam
1497 1675 1572 1709 alia
1620 1675 1789 1710 eiusdem

1084 1733 1250 1776 epistula
1278 1733 1451 1777 superior
1480 1737 1711 1768 memoratur
1740 1732 1789 1766 lv

1084 1791 1161 1827 479.
1195 1791 1248 1825 11.
1279 1791 1608 1826 Retractationum
1638 1791 1722 1825 libri
1754 1794 1790 1825 et

1085 1848 1178 1883 iiber
1215 1848 1272 1883 ‘de
1309 1849 1434 1892 ¹aratia
1469 1854 1506 1884 et
1541 1849 1659 1883 libero
1696 1848 1792 1883 arbi-

1085 1906 1169 1940 trio‘
1206 1912 1243 1941 ut
1283 1907 1353 1941 sibi
1391 1907 1644 1941 mitterentur.
1683 1910 1792 1950 rogat

1086 1963 1138 1997 lv
1160 1964 1236 2007 479,
1263 1964 1315 1998 14.
1339 1964 1562 2005 recordatur
1585 1964 1676 1998 illud
1701 1969 1791 1998 tem-

1086 2031 1168 2064 pus,
1197 2032 1270 2066 quo
1300 2026 1502 2065 praesente
1529 2022 1791 2056 delectabatur

1087 2079 1128 2113 A.
1165 2078 1212 2112 JV
1250 2080 1328 2116 480.
1365 2080 1392 2113 1.
1427 2079 1552 2113 socius
1586 2083 1666 2113 erat
1704 2079 1792 2112 Pro-

1086 2137 1198 2180 speri.
1257 2137 1321 2181 qui
1368 2141 1404 2172 et
1454 2137 1535 2179 ipse
1583 2136 1629 2171 (le
1676 2146 1793 2170 causa

1087 2194 1314 2229 Massiliensi
1342 2205 1400 2238 ep.
1427 2194 1495 2228 ‘225
1522 2195 1564 2228 A.
1592 2194 1789 2229 certiorem

1086 2251 1190 2286 fecit:
1222 2256 1405 2296 utraeque
1435 2252 1586 2286 litterae
1615 2251 1792 2285 coniunc-

1086 2315 1146 2344 tae
1180 2310 1217 2344 in
1252 2310 1419 2344 Africam
1451 2315 1539 2344 sunt
1570 2309 1708 2344 missae
1741 2308 1791 2342 IV

1086 2367 1163 2409 480,
1192 2368 1243 2401 15.
1270 2368 1348 2404 455,
1376 2368 1428 2401 12.
1455 2367 1536 2401 eius
1564 2367 1682 2401 irater
1707 2376 1790 2400 cum

1086 2430 1260 2459 matrona
1297 2436 1366 2459 sna
1402 2435 1447 2459 ex
1485 2434 1674 2459 consensu
1711 2434 1792 2467 per-

1087 2482 1223 2517 fectam
1261 2483 1332 2517 deo
1366 2482 1641 2516 continentiam
1678 2481 1792 2516 (levo-

1087 2540 1140 2574 vit
1171 2539 1221 2573 IV
1248 2541 1325 2582 481,
1351 2540 1386 2575 3:
1413 2540 1460 2579 cf.
1488 2539 1566 2581 440,
1594 2540 1648 2574 20.

1042 2595 1213 2640 llippo
1249 2597 1392 2641 (Hippo
1425 2596 1569 2640 Regius
1602 2596 1616 2630 I
1650 2596 1704 2641 75,
1740 2596 1791 2630 15.

1088 2655 1141 2697 77,
1168 2655 1219 2689 19.
1246 2654 1279 2688 11
1302 2655 1379 2697 518,
1407 2654 1477 2697 10),
1504 2653 1677 2688 Romana
1701 2653 1791 2688 civi—

1087 2717 1145 2746 tas
1193 2711 1228 2745 ΙΙ
1263 2712 1317 2754 ⁶29,
1353 2712 1408 2746 ⁶23.
1455 2711 1498 2746 A.
1533 2711 1790 2754 episcopalem

1087 2770 1274 2804 sarcinam
1306 2769 1482 2813 Hippone
1513 2768 1727 2804 sustinebat
1756 2768 1791 2803 ΙΙ
