2078 3054
284 130 369 172 312

282 259 565 303 Rusticus,
605 263 647 295 ut
687 258 816 303 puella
854 257 1045 303 quaedam

331 317 369 352 in
397 317 582 353 ecclcsiae
609 316 768 352 tutelam
796 315 941 351 tradita
967 314 1045 350 filio

332 386 400 410 suo
431 375 468 410 in
497 375 717 420 coniugium
746 374 915 418 daretur,
942 377 1046 417 pete-

331 434 398 469 bat
425 433 477 468 IV
504 433 583 477 602,
610 433 669 476 2ος
698 433 745 475 ct.
773 431 853 477 600,
882 431 936 467 11.
966 430 1045 475 601,

332 491 364 526 2.
410 491 463 526 15.
507 490 569 526 ille
613 494 742 526 autem
785 489 886 525 filius
929 489 1045 525 etiam

332 553 411 584 tum
455 559 631 594 paganus
675 551 757 584 erat
800 553 838 588 et
879 547 1046 592 puellam

332 607 588 642 Christianam
649 606 751 641 tradi
809 605 884 641 nisi
942 604 1048 641 Chri-

332 665 459 700 stiano
495 675 571 700 non
606 674 720 709 posse
754 663 970 700 declaravit
1003 662 1047 698 A.

333 722 385 757 IV
418 722 497 767 602,
531 722 590 766 253
625 722 672 764 ct.
707 722 787 767 601,
820 722 853 757 4.
889 721 936 757 de
972 731 1048 767 qua

332 791 372 816 re
408 780 575 824 scriptae
607 784 696 816 sunt
729 789 817 824 epp.
849 778 1047 824 252—255,

333 843 530 883 postrema
556 838 605 874 ad
633 838 759 883 ipsum
785 837 999 873 Rusticum.

286 977 303 1001 s
318 977 341 1001 a
354 967 378 1002 b
391 966 414 1001 b
429 976 452 1001 a
466 966 507 1002 ti
534 965 635 1002 diem
664 966 760 1004 deus
789 963 1046 1001 sanctificavit

333 1024 368 1059 II
400 1024 456 1069 48,
490 1024 542 1059 19.
574 1025 775 1059 sabbatum
806 1022 1048 1059 commenda-

334 1086 414 1118 tum
454 1086 513 1118 est
550 1082 670 1126 priori
707 1081 851 1127 populo
890 1081 930 1116 in
968 1080 1047 1116 otio

333 1140 585 1185 corporaliter
600 1139 844 1185 celebrando,
869 1143 912 1175 ut
926 1138 1049 1184 figura

334 1203 436 1235 esset
464 1197 783 1234 sanctificationis
811 1197 851 1233 in
878 1196 1048 1243 requiem

957 141 1100 178 Index
1128 141 1172 177 V.

1130 258 1248 293 menti
1280 257 1339 302 sit,
1369 258 1584 304 adprobare
1613 270 1690 295 non
1719 263 1847 305 potest

1131 314 1175 350 A.
1200 314 1237 349 II
1261 315 1341 361 209,
1366 316 1419 351 14.
1447 321 1689 353 sacramenta
1713 317 1844 354 haere-

1131 372 1294 408 ticorum
1332 374 1534 410 catholicis
1573 374 1729 411 inimica
1767 386 1844 411 non

1133 434 1233 476 sunt,
1274 442 1372 477 quae
1416 432 1455 467 in
1498 432 1573 468 illis
1617 437 1706 469 sunt
1749 433 1844 478 ipsis

1132 489 1360 534 communia,
1409 490 1500 535 quia
1549 501 1627 526 non
1678 491 1846 527 humana

1133 550 1222 582 sunt
1246 547 1314 583 sed
1339 547 1474 583 divina
1497 547 1533 582 II
1557 548 1637 594 424,
1661 548 1693 584 9.
1716 549 1846 584 catho-

1132 604 1196 639 lici
1238 604 1276 639 in
1318 604 1533 642 Donatistis
1576 617 1653 641 non
1695 607 1849 642 divinae

1133 666 1376 699 sacramenta
1416 663 1594 700 veritatis
1636 665 1704 700 sed
1747 675 1847 700 com-

1131 724 1263 756 menta
1327 720 1484 756 humani
1552 721 1846 758 detestabantur

1134 778 1274 814 erroris
1316 778 1371 813 III
1410 779 1466 823 31,
1506 779 1562 815 25.
1604 784 1847 816 sacramenta

1133 836 1172 871 in
1208 835 1406 872 sceleratis
1442 847 1594 883 quoque
1629 837 1846 873 hominibus

1134 898 1270 930 sancta
1300 898 1390 930 sunt
1420 894 1457 929 II
1489 894 1566 940 106,
1597 895 1657 939 2ος
1689 895 1736 937 cf.
1767 896 1847 939 405,

1133 952 1164 987 6.
1191 952 1278 988 aliis
1301 952 1554 989 sacramentis
1581 953 1847 997 praenuntiari

1133 1009 1338 1056 Christum,
1388 1020 1473 1046 cum
1510 1014 1698 1046 venturus
1734 1015 1848 1056 esset,

1134 1068 1232 1113 aliis,
1274 1078 1359 1104 cum
1400 1068 1584 1114 venisset,
1624 1069 1848 1105 adnuntiari

1134 1126 1307 1170 oportuit
1337 1126 1393 1161 III
1425 1126 1501 1171 133,
1532 1126 1564 1162 8.
1595 1127 1848 1163 sacramentis

1134 1194 1292 1220 numero
1353 1184 1610 1230 paucissimis,
1669 1185 1849 1221 observa-

1134 1242 1239 1278 tione
1293 1242 1499 1288 facillimis,
1564 1242 1848 1288 significatione

1134 1300 1482 1345 praestantissimis
1520 1300 1696 1336 Christus
1732 1301 1850 1336 socie-

1136 1361 1254 1394 tatem
1286 1358 1379 1394 novi
1411 1358 1541 1403 populi
1574 1358 1787 1404 conligavit
1819 1358 1852 1393 II

1136 1415 1214 1461 159,
1241 1416 1272 1452 8.
1301 1417 1332 1451 si
1361 1416 1525 1452 eundem
1554 1416 1731 1461 spiritum
1760 1415 1849 1451 fidei

1136 1479 1174 1511 et
1210 1474 1265 1510 illi
1302 1474 1506 1520 habebant,
1543 1476 1608 1520 qui
1644 1478 1849 1510 venturum

1136 1532 1175 1568 in
1215 1543 1329 1569 carne
1369 1532 1563 1568 Christum
1602 1532 1850 1576 praenuntia-

1136 1593 1235 1634 runt,
1271 1601 1382 1635 quem
1418 1591 1534 1626 etiam
1569 1590 1635 1634 illi,
1668 1589 1733 1635 qui
1767 1600 1852 1625 eum
2071 1619 2077 1631 ,

1136 1648 1289 1684 venisse
1329 1648 1568 1693 nuntiarunt,
1608 1651 1851 1684 sacramenta
2071 1638 2078 1691 ξ

335 1257 495 1300 spiritus
524 1256 648 1292 sancti
675 1255 712 1290 II
740 1255 818 1300 188,
848 1255 902 1291 18.

285 1326 730 1362 Sabellianorum
768 1324 1049 1360 haereticorum

334 1384 597 1420 dissensiones
639 1383 964 1429 quaestionesque
1005 1381 1050 1417 A.

334 1446 508 1486 tempore
533 1442 608 1477 iam
635 1441 847 1477 silebantur
873 1440 910 1475 II
923 1441 1003 1485 677,
1017 1440 1049 1475 3.

289 1511 523 1547 Sabinus
561 1511 768 1555 episcopus
808 1512 847 1547 in
885 1509 1049 1545 concilio

337 1569 562 1605 Milevitano
588 1569 714 1604 adfuit
739 1568 795 1603 III
819 1568 898 1613 664,
924 1568 956 1603 3.

289 1638 312 1672 S
328 1649 351 1673 a
364 1639 387 1674 b
402 1638 412 1672 i
428 1649 451 1672 n
467 1649 491 1673 u
507 1648 523 1673 s
568 1639 771 1683 presbyter
816 1641 858 1673 ut
903 1640 1051 1680 pertur-

334 1698 447 1733 batos
483 1696 709 1732 monasterii
745 1695 884 1731 fratres
921 1698 1051 1730 aucto-

335 1755 449 1790 ritate
484 1764 554 1789 sua
587 1754 769 1799 placaret,
803 1755 962 1798 rogatus
996 1755 1054 1787 est

336 1824 359 1847 a
389 1812 598 1848 Valentino
631 1812 769 1848 abbate
799 1811 852 1846 IV
883 1811 962 1855 398,
995 1810 1051 1845 21.

290 1885 711 1917 sacramentum:
741 1881 863 1926 signa,
890 1890 975 1915 cum
1002 1880 1050 1914 ad

342 1949 401 1974 rcs
417 1939 569 1974 divinas
585 1939 789 1983 pertinent,
805 1940 1047 1973 sacramenta

338 1997 580 2042 appellantur
621 1996 674 2031 III
715 1996 794 2040 131,
834 1995 888 2030 10.
931 2004 1047 2030 sacra—

337 2058 508 2090 mentum
545 2059 603 2090 est
641 2054 679 2089 in
717 2053 847 2099 aliqua
886 2053 1052 2088 celebra-

337 2113 454 2157 tione,
478 2122 562 2148 cum
587 2112 643 2148 rei
666 2116 800 2157 gestae
826 2120 1053 2146 commemo-

340 2171 438 2206 ratio
481 2170 536 2205 ita
575 2170 627 2215 fit,
666 2174 707 2205 ut
749 2169 895 2215 aliquid
935 2169 1052 2205 etiam

339 2228 556 2274 significare
624 2227 884 2273 intellegatur,
950 2226 1053 2272 quod

339 2290 471 2322 sancte
507 2285 776 2330 accipiendum
811 2289 870 2321 est
905 2284 941 2319 ΙΙ
976 2284 1053 2329 170,

340 2344 394 2379 11.
417 2344 449 2379 si
470 2348 713 2379 sacramenta
735 2343 929 2390 quandam
952 2342 1054 2378 simi-

338 2401 541 2437 litudinem
569 2412 695 2437 rerum
721 2411 864 2445 earum,
893 2410 1052 2446 quarum

340 2463 580 2495 sacramenta
616 2463 716 2504 sunt,
748 2469 824 2494 non
857 2458 1054 2502 haberent,

340 2517 495 2552 omnino
528 2520 772 2552 sacramenta
802 2527 878 2551 non
909 2518 1053 2559 essent3

339 2586 387 2611 ex
423 2575 494 2610 hac
528 2578 656 2610 autem
691 2574 942 2609 similitudine
977 2572 1055 2618 ple-

342 2643 499 2677 rumque
532 2632 607 2667 iam
638 2632 805 2676 ipsarum
836 2642 961 2666 rerum
993 2640 1058 2666 no-

341 2690 446 2726 mina
477 2689 673 2734 accipiunt
706 2689 742 2724 II
774 2689 855 2733 531,
886 2689 917 2724 3.
952 2687 1055 2734 quod

342 2747 554 2783 instituitur
609 2750 760 2792 praeter
815 2742 1059 2782 consuetudi-

341 2816 439 2850 nem,
468 2809 512 2840 ut
538 2805 649 2851 quasi
678 2804 899 2841 observatio
929 2813 1055 2839 sacra—

1137 1716 1221 1741 esse
1264 1709 1476 1750 potuerunt
1518 1715 1589 1750 pro
1633 1710 1849 1750 temporum

1136 1763 1364 1799 diversitate
1407 1763 1563 1800 diversa
1602 1763 1656 1798 IV
1698 1763 1777 1807 142,
1816 1763 1849 1798 4.

1137 1821 1366 1857 sacrificium
1404 1821 1578 1866 corporis
1615 1821 1758 1857 Christi
1793 1824 1850 1856 est

1137 1879 1305 1915 fidelium
1349 1883 1632 1915 sacramentum
1674 1878 1730 1914 III
1771 1878 1850 1921 206,

1139 1938 1192 1973 18.
1224 1938 1296 1973 hoc
1332 1941 1615 1973 sacramentum
1644 1937 1759 1982 longe
1792 1940 1851 1972 est

1136 2006 1160 2030 a
1209 1996 1389 2031 cordibus
1437 1995 1670 2039 sapientium
1721 2004 1851 2038 super-

1137 2054 1270 2089 borum
1303 2053 1357 2088 IV
1388 2053 1442 2098 99,
1476 2053 1529 2088 11.
1562 2051 1694 2088 ‘testor
1725 2062 1852 2087 sacra-

1137 2115 1279 2156 menta,
1302 2121 1400 2157 quae
1424 2121 1491 2155 per
1515 2110 1614 2146 hanc
1637 2109 1851 2146 offeruntur

1137 2168 1304 2204 manum‘
1334 2168 1390 2203 III
1418 2169 1498 2214 389,
1527 2168 1583 2203 24.

1185 2227 1396 2271 Apostolus
1436 2230 1680 2262 sacramenta
1718 2229 1852 2261 vetera

1138 2285 1370 2321 celebranda
1403 2284 1584 2329 suscepit,
1620 2287 1663 2319 ut
1696 2284 1852 2319 doceret

1139 2353 1216 2378 non
1246 2353 1330 2378 θεεθ
1360 2342 1581 2387 perniciosa
1609 2342 1681 2386 his,
1711 2341 1776 2387 qui
1806 2350 1852 2376 ea

1138 2400 1293 2445 vellent,
1331 2400 1430 2435 sicut
1464 2410 1488 2435 a
1522 2399 1747 2444 parentibus
1783 2408 1852 2443 per

1138 2458 1262 2503 legem
1300 2461 1544 2502 acceperant,
1583 2457 1778 2493 custodire
1816 2455 1852 2490 II

1141 2516 1195 2560 74,
1221 2516 1253 2551 2.
1277 2516 1357 2560 305,
1381 2515 1414 2550 2.
1437 2514 1572 2559 6368,
1597 2515 1632 2558 2;
1657 2514 1703 2556 cf.
1728 2514 1807 2558 305,
1832 2514 1853 2548 8

1139 2573 1291 2619 (Hier.),
1330 2584 1376 2609 ne
1414 2583 1460 2610 ea
1497 2576 1694 2618 tamquam
1734 2571 1853 2607 idola-

1141 2632 1253 2667 triam
1273 2630 1474 2676 gentilium
1495 2633 1534 2665 et
1555 2629 1758 2674 sacrilegia
1777 2628 1856 2664 dia-

1139 2689 1266 2725 bolica
1290 2688 1475 2724 damnare
1499 2691 1537 2723 et
1562 2686 1749 2723 detestari
1775 2696 1853 2722 cre-

1141 2746 1296 2782 deretur
1332 2745 1368 2780 11
1405 2745 1484 2790 358,
1521 2745 1552 2780 8.
1589 2745 1669 2789 367,
1709 2744 1766 2788 10;
1805 2743 1852 2785 ct.

1140 2804 1220 2850 365,
1251 2804 1283 2839 4.
1318 2803 1371 2839 12.
1402 2803 1481 2848 366,
1510 2803 1532 2838 3
1563 2806 1630 2838 aut
1660 2801 1853 2838 discissio-
