2078 3054
859 137 1102 173 Praefatio.
1631 138 1737 173 xx’ll

215 255 364 298 ceteris
397 255 522 310 paulo
555 255 725 297 meliore
748 260 810 297 est
834 255 1095 307 condicione,
1128 254 1254 297 divisi
1277 260 1373 297 sunt
1397 255 1438 296 in
1461 254 1565 297 duas
1587 260 1740 310 partes,

217 333 390 372 quarum
432 320 566 360 altera
613 319 879 373 amplectitur
926 319 1054 361 libros
1096 319 1308 360 Parisinos
1353 319 1492 359 12193
1533 323 1573 360 et
1620 319 1740 370 1958,

215 384 347 425 altera
378 383 698 437 Sangallensem
734 382 827 435 174,
871 382 1109 424 Parisinum
1146 382 1299 435 12226,
1332 383 1582 424 Vaticanum
1616 382 1741 424 3834.

215 452 338 500 atque
380 446 437 487 illi
480 450 564 487 tam
607 446 764 488 similes
806 451 914 497 sunt,
965 451 1008 487 ut
1050 446 1174 487 etiam
1222 446 1431 500 epitomae
1478 445 1653 488 eaedem
1701 447 1741 487 in

217 516 390 563 utroque
431 510 576 551 codice
618 509 671 550 ad
715 510 949 564 marginem
991 509 1229 564 adscriptae
1271 510 1374 563 sint3
1424 523 1559 563 neque
1601 516 1741 551 tamen

218 573 432 615 Parisinus
469 572 575 614 1958
610 587 662 614 ex
695 573 826 614 altero
859 573 1027 628 pendet,
1072 587 1167 614 nam
1200 578 1297 615 sunt
1335 573 1426 625 loci,
1468 574 1539 615 ubi
1581 575 1622 614 in
1665 573 1742 615 11οο

218 637 416 678 nonnulla
449 637 578 678 verba
610 636 914 690 desiderantur,
949 637 1017 678 ille
1050 637 1212 691 integer
1244 637 1368 691 est.¹J)
1399 637 1571 679 alterius
1602 642 1741 678 autem

216 700 346 754 partis
379 700 779 755 codices-cognatos
812 714 903 742 csse
936 702 993 742 eo'
1017 706 1205 754 apparet,
1240 701 1349 753 quod
1383 714 1528 742 omnes
1551 706 1634 742 tres
1657 702 1741 755 epi—

218 764 367 804 stulam
407 765 484 805 155
517 778 608 805 cum
642 765 822 818 epistula
859 764 951 816 152,
984 764 1092 805 sicut
1124 763 1322 817 diximus,
1356 765 1396 805 in
1431 778 1555 806 unam
1585 764 1743 806 habent

218 827 434 869 confusam
478 832 518 869 et
561 827 712 869 menda
755 833 882 880 atque
925 828 1102 871 lacunae
1145 841 1308 880 quoque
1351 828 1453 869 satis
1491 829 1645 870 multae
1683 828 1743 869 eis

220 895 315 931 sunt
361 904 616 933 communes.
634 891 665 945 Β)
710 898 930 945 praeterea
976 891 1142 933 codices
1185 892 1365 933 Parisini
1415 892 1567 943 12193,
1620 891 1741 943 1958,

218 954 354 994 12226
402 955 758 1008 propinquitatem
801 954 1030 996 ostendunt
1076 968 1137 1006 eo,
1185 955 1295 1007 quod
1343 956 1384 996 in
1433 956 1613 1010 epistula
1663 956 1743 996 153

219 1017 348 1058 multa
381 1018 596 1071 permultis
625 1018 726 1059 locis
749 1022 845 1059 sunt
869 1019 1034 1060 omissa.
1053 1018 1084 1073 3)
1119 1018 1187 1071 qui
1213 1019 1305 1060 libri
1330 1032 1423 1060 cum
1445 1018 1499 1060 ad
1524 1024 1743 1072 utramque

218 1080 405 1121 codicum
439 1088 598 1135 partem
633 1087 837 1136 spectent,
871 1082 1059 1134 sequitur
1090 1082 1172 1123 iam
1205 1082 1482 1137 archetypum
1515 1083 1639 1124 liuius
1669 1096 1742 1137 ge-

218 1144 328 1184 neris
360 1144 550 1186 codicum
583 1145 805 1199 epistulam
842 1147 921 1186 153
954 1146 1024 1187 tali
1059 1146 1181 1188 modo
1220 1146 1496 1188 deformatam
1531 1147 1742 1198 habuisse,

218 1208 536 1261 Sangallensem
573 1209 653 1249 174
684 1214 824 1250 autem
858 1215 897 1250 et
931 1210 1179 1251 Vaticanum
1205 1210 1329 1261 3334,
1364 1224 1456 1251 cum
1480 1211 1560 1252 illis
1583 1210 1744 1252 lacunis

218 1275 400 1322 careant,
434 1272 655 1326 epistulam
692 1273 782 1313 153-
805 1287 855 1314 ex
879 1273 959 1314 alio
983 1273 1098 1314 fonte
1122 1274 1348 1328 integriore
1370 1275 1598 1329 accepisse,
1633 1274 1743 1327 quod

219 1340 260 1374 ut
292 1334 423 1386 fieret,
467 1336 743 1377 miserrimam
782 1337 893 1378 illius
925 1337 1214 1379 condicionem
1248 1338 1439 1380 effecisse
1472 1338 1740 1393 intellegitur.

276 1398 323 1438 In
362 1398 505 1439 codiee
547 1399 739 1441 Parisino
782 1401 918 1441 12193
957 1401 1229 1455 epistularum
1273 1402 1571 1456 inscriptiones
1608 1402 1744 1457 spatio

220 1475 300 1501 non
333 1462 477 1503 relicto
500 1462 647 1504 deesse
676 1464 830 1506 solent:
865 1478 991 1519 saepe
1019 1465 1072 1505 ab
1096 1454 1186 1519 ipso
1209 1465 1377 1506 librario
1401 1466 1572 1507 minutis
1595 1466 1744 1507 litteris

218 1525 258 1564 in
292 1526 484 1578 margine
517 1531 614 1567 sunt
645 1526 828 1568 additae.
863 1541 991 1568 manu
1023 1528 1105 1569 alia
1139 1528 1208 1582 (m.
1232 1529 1276 1579 2)
1304 1529 1487 1583 nigriore
1508 1534 1743 1572 atramento

218 1593 257 1628 et
291 1589 578 1641 corrigebatur
611 1595 649 1631 et
683 1591 865 1644 pallidae
897 1591 1055 1632 librarii
1088 1592 1251 1634 litterae
1284 1593 1604 1636 inducebantur.

276 1651 420 1709 Codex
453 1652 804 1708 Sangallensis
840 1655 977 1709 174⁴)
1011 1656 1118 1696 bene
1151 1656 1329 1710 scriptus
1361 1671 1517 1711 magna
1545 1671 1637 1699 cum
1662 1658 1741 1699 sol—

218 1715 336 1755 lertia
378 1715 522 1757 sedulo
566 1718 852 1771 corrigebatur
883 1732 908 1759 a
941 1719 1028 1760 viro
1071 1718 1326 1773 doctissimo,
1369 1721 1487 1762 cuius
1531 1735 1658 1762 manu
1700 1722 1741 1762 111

218 1779 375 1832 pagina
405 1780 538 1833 prima
562 1780 666 1823 haec
687 1781 888 1823 adnotata
911 1782 1107 1836 legimus:
1142 1784 1364 1835 Epistulae
1395 1786 1429 1825 Α
1442 1786 1626 1839 119113111ιὶ
1657 1786 1741 1836 epi-

217 1844 342 1894 scopi.
382 1843 483 1884 liber
519 1846 710 1896 optimus,
754 1846 880 1888 nimis
924 1850 1058 1887 autem
1103 1848 1244 1889 vitiose
1284 1850 1475 1901 scriptus.
1524 1849 1632 1889 laune
1672 1862 1742 1902 eqo

218 1907 386 1958 quidam
411 1910 612 1962 corriyere
627 1924 707 1961 per
728 1924 790 1951 me
812 1910 1026 1963 ecemplar
1047 1911 1167 1952 aliud
1188 1926 1269 1953 non
1290 1912 1458 1960 habens,
1482 1914 1518 1953 si
1532 1917 1739 1965 poteram,

218 1972 434 2021 temptari:
456 1986 549 2025 erqo
566 1973 636 2013 uba·
659 1975 797 2015 minus
811 1975 946 2026 potui,
968 1974 1012 2015 ri*
1052 1974 1231 2016 litteram
1251 1978 1440 2028 apposui,
1465 1975 1573 2017 nihil
1590 1980 1741 2029 autem,

220 2034 301 2074 nisi
338 2034 410 2074 uba·
448 2036 701 2078 certissimus
739 2052 868 2089 eram,
911 2038 1113 2079 abradere
1145 2038 1274 2088 volui:
1315 2040 1455 2080 omnia
1492 2053 1593 2091 vero,
1637 2054 1742 2093 quae

276 2183 300 2219 ¹>
328 2182 381 2216 ('·f.
402 2194 456 2227 ep.
481 2187 544 2220 153
571 2197 602 2229 p.
624 2188 700 2226 404.
735 2189 770 2221 7:
816 2189 886 2222 123.
923 2190 979 2229 18;
1019 2189 1097 2229 425,
1128 2193 1160 2230 1;
1200 2199 1254 2232 ep.
1276 2191 1340 2225 162
1366 2200 1398 2233 p.
1418 2192 1494 2225 517.
1526 2192 1559 2225 1:
1600 2201 1653 2233 ep.
1674 2191 1739 2225 ‘243

219 2245 250 2277 p.
271 2237 348 2269 573.
375 2238 410 2271 8:
438 2239 513 2279 575,
544 2241 570 2273 1.

276 2289 303 2325 ·-')
331 2286 384 2320 (If.
405 2297 458 2331 ep.
477 2291 521 2324 48
541 2300 572 2332 p.
595 2292 669 2326 139.
693 2293 748 2325 1Ῑ;
777 2301 830 2333 ep.
853 2293 913 2327 111
935 2302 967 2334 p.
988 2294 1063 2327 653.
1085 2294 1120 2327 3:
1151 2295 1206 2334 14;
1235 2303 1289 2336 ep.
1312 2295 1375 2328 152
1396 2304 1426 2336 p.
1447 2295 1524 2336 395,
1545 2296 1579 2336 7;
1600 2304 1654 2337 ep.
1677 2296 1740 2329 153

219 2349 250 2381 p.
270 2341 347 2374 409.
374 2341 410 2380 2ς
439 2351 492 2383 ep.
516 2344 578 2376 155
606 2352 636 2384 p.
664 2344 741 2377 430.
773 2345 828 2377 15:
857 2345 933 2378 4:33.
962 2347 997 2385 5;
1024 2346 1101 2379 434.
1129 2346 1188 2384 20;
1215 2346 1292 2387 438,
1322 2348 1379 2381 12:
1406 2347 1482 2388 441,
1510 2348 1547 2381 9:
1574 2348 1651 2381 444.
1682 2348 1740 2389 17;

219 2400 272 2433 ep.
292 2392 358 2426 265
385 2402 416 2434 p.
436 2395 512 2434 646,
542 2395 592 2428 18.

274 2441 302 2483 ³)
330 2442 369 2475 In
397 2443 498 2477 libris
526 2444 699 2479 l’arisinis
729 2447 838 2481 12193
866 2450 901 2480 et
932 2449 1016 2483 1958
1044 2448 1078 2481 id
1106 2448 1233 2491 spatiis
1260 2450 1385 2483 vacuis
1412 2449 1656 2493 signini-atum
1685 2456 1739 2484 est

219 2504 335 2536 nmque
362 2504 448 2528 vcro
476 2495 510 2529 in
539 2496 704 2531 Parisino
733 2499 854 2534 12226.

275 2547 301 2586 ⁴)
332 2545 396 2579 llic
416 2547 541 2582 codex.
570 2548 664 2581 sicut
684 2553 759 2582 erat
787 2554 981 2584 oon-cetus.
1010 2552 1212 2595 exemplum
1242 2553 1321 2594 suit,
1349 2564 1392 2587 ex
1419 2564 1491 2597 quo
1517 2554 1664 2588 saeculo
1685 2555 1735 2587 xl

219 2596 422 2640 descriptus
449 2603 504 2632 est
531 2600 779 2643 sangallensis
808 2604 882 2643 139,
910 2603 1012 2637 vuius
1040 2603 1073 2636 111
1101 2604 1171 2637 tine
1198 2615 1278 2638 enm
1306 2605 1472 2639 adiectae
1490 2605 1563 2639 sint
1581 2606 1738 2649 epistula

219 2650 261 2683 98
288 2652 323 2682 et
355 2648 448 2683 duae
481 2651 659 2693 epistulae
693 2652 738 2685 :id
766 2652 991 2688 Bonifatium
1016 2655 1244 2689 adulterinae
1271 2659 1386 2695 (sexta
1406 2663 1440 2689 et
1460 2658 1637 2701 septimae
1657 2668 1739 2701 pars

219 2699 341 2742 prior),
369 2712 461 2743 qua(¹
489 2713 559 2735 111111
586 2707 668 2736 suut
704 2703 737 2737 in
771 2704 999 2747 Sangallensi
1037 2710 1109 2742 174.
1144 2707 1198 2741 liis
1224 2708 1312 2742 solis
1339 2719 1425 2742 usus
1452 2720 1547 2751 sum,
1576 2720 1618 2743 ex
1646 2710 1738 2743 libro

218 2756 338 2785 :intem
366 2753 593 2797 Sangallcnsi
631 2757 693 2790 139
727 2756 852 2790 eodem
886 2758 1032 2791 saeculo
1067 2759 1122 2792 wl
1158 2760 1279 2802 potius
1313 2771 1404 2794 saer.
1428 2761 1495 2794 ΧΗ
1533 2761 1738 2804 ‹lt—scriptus

219 2807 271 2835 est
301 2803 576 2846 Svupliusivnsis
604 2807 701 2841 35Λ.

288 2866 383 2892 1,1“111.
407 2868 583 2897 Augumnu„
617 2870 877 2904 rtjoldlmclier)
1483 2870 1503 2903 l)
