2078 3054
308 129 393 170 274

353 255 634 290 transtulerunt
671 255 840 289 Hilarius
876 259 914 290 et
950 254 1066 289 Euse-

354 313 437 347 bius
479 312 653 355 episcopi
694 312 727 346 II
769 312 849 355 318,
890 312 943 346 12.
985 311 1064 346 ani-

352 380 451 404 mam
481 369 629 412 lapsam
659 369 706 404 de
736 368 842 403 caelo
872 378 956 404 esse
985 367 1065 403 Ori-

350 437 469 471 genes
503 426 658 469 putavit
692 425 745 459 III
779 426 860 470 542,
893 427 926 460 4.
963 425 1063 461 idem

350 484 499 518 censuit
535 484 684 518 animas
722 493 790 527 pro
827 483 974 519 meritis
1009 483 1065 518 vi-

349 547 410 576 tae
449 541 589 585 prioris
625 547 779 577 terrena
815 547 931 586 atque
966 552 1064 576 mor-

348 599 442 634 talia
471 599 555 634 dari
584 599 623 633 in
651 609 816 643 corpora
842 599 893 634 IV
922 600 1001 644 307,
1031 600 1062 634 5.

349 656 554 702 Origenem
598 667 643 692 ac
686 657 893 702 Didymum
936 667 1063 701 repre-

349 715 490 750 hensos
513 714 562 750 ab
585 714 818 760 Hieronymo
843 715 938 761 legit
958 716 1003 750 A.
1027 715 1066 750 in

349 772 625 808 recentioribus
667 773 749 808 eius
791 772 986 817 opusculis
1028 776 1066 808 ct

348 840 425 865 non
460 830 704 866 mediocriter
737 841 807 866 nec
842 830 890 866 de
924 830 1065 866 medio-

346 887 472 922 cribus
530 887 833 933 quaestionibus,
889 888 1065 933 quamvis

348 945 550 990 Origenem
574 945 797 981 mirabiliter
821 949 910 981 ante
934 945 1065 981 lauda-

348 1003 471 1038 visset
491 1003 525 1038 II
545 1004 626 1048 376,
646 1004 680 1039 3.
695 1003 739 1038 A.
761 1003 809 1039 ab
829 1002 1062 1048 Hieronymo

347 1061 496 1106 petivit,
526 1065 567 1096 ut
595 1066 688 1096 nota
716 1061 862 1097 faceret
889 1060 1063 1106 Origenis

347 1124 487 1164 errata,
527 1120 665 1165 quibus
705 1130 729 1154 a
768 1119 842 1155 tide
882 1119 1061 1155 veritatis

346 1177 409 1213 ille
448 1178 506 1212 vir
545 1182 677 1212 tantus
715 1178 921 1213 recessisse
958 1181 1058 1213 esset

346 1235 548 1271 convictus
576 1235 611 1269 ΙΙ
639 1236 695 1282 79,
721 1236 752 1270 9.
780 1235 915 1271 Orosio
945 1235 1060 1271 inter·

345 1294 499 1338 roganti
532 1294 579 1329 de
616 1293 793 1339 Origenis
830 1293 1058 1339 quibusdam

346 1352 605 1396 opinionibus,
658 1362 754 1397 quas
796 1362 873 1387 non
913 1351 1060 1395 recepit

345 1409 520 1454 ecclesia,
558 1420 634 1444 uno
671 1409 769 1445 libro
806 1419 883 1445 non
920 1409 1058 1455 grandi

345 1467 546 1511 respondit
573 1467 617 1503 A.
646 1467 701 1501 III
728 1467 807 1512 621,
838 1467 892 1502 16.

294 1524 444 1569 Orion,
465 1525 642 1561 caelestis
661 1528 839 1561 creatura
856 1525 890 1560 II
910 1525 988 1570 185,
1007 1525 1062 1560 18.

297 1594 319 1618 o
335 1594 351 1618 r
367 1595 391 1619 n
405 1594 429 1618 a
443 1595 478 1618 m
493 1594 513 1619 e
529 1595 552 1618 n
567 1588 582 1618 t
597 1594 620 1618 a
642 1584 726 1618 auri
749 1584 812 1619 vel
836 1584 957 1619 vestis
982 1593 1057 1618 non

344 1641 428 1676 vult
471 1641 514 1676 A.
559 1651 823 1686 praepropera
864 1640 1059 1686 prohiberi

345 1700 539 1735 sententia
567 1699 642 1735 nisi
672 1700 711 1735 in
741 1699 808 1744 eis,
838 1699 903 1745 qui
934 1709 1058 1745 neque

344 1757 542 1803 coniugati
585 1768 709 1803 neque
753 1757 953 1803 coniugari
996 1767 1055 1792 cu-

344 1815 496 1859 pientes
548 1815 719 1861 cogitare
773 1815 927 1860 debent,
982 1825 1057 1861 quo

345 1874 458 1909 modo
482 1873 662 1918 placeant
686 1874 758 1910 deo
782 1873 834 1908 IV
857 1874 935 1919 582,
958 1874 990 1908 4.

298 1931 579 1976 Orontius,
630 1932 680 1967 ad
718 1942 830 1977 quem
870 1931 963 1967 data
999 1934 1056 1967 est

343 2000 403 2034 ep.
435 1990 513 2034 257,
547 1990 578 2025 si
608 1989 709 2025 idem
742 1994 801 2025 est
833 1993 948 2035 atque
982 1989 1055 2033 ille,

344 2048 407 2093 qui
448 2048 487 2082 in
525 2057 584 2091 ep.
619 2048 688 2082 222
725 2051 1057 2091 commemoratur,

343 2105 503 2140 fundum
535 2106 700 2141 habebat
731 2106 768 2140 in
800 2104 1056 2149 Hipponiensi

343 2163 524 2208 dioecesi,
563 2164 622 2198 vir
661 2163 705 2198 A.
743 2163 965 2198 carissimus
1004 2162 1057 2197 IV

343 2222 422 2267 448,
449 2221 480 2257 9.
509 2221 719 2257 adventum
748 2230 858 2256 suum
885 2230 970 2256 cum
997 2220 1057 2255 lit-

978 142 1120 178 Index
1148 143 1192 179 V.

1151 259 1278 289 aetate
1320 255 1448 300 filium,
1489 256 1632 291 honore
1673 266 1863 300 compres-

1150 312 1337 356 byterum,
1369 313 1525 357 vigilem
1556 313 1724 359 ingenio,
1754 324 1863 357 para-

1149 374 1228 403 tum
1263 369 1427 414 eloqui0,
1461 368 1689 416 flagrantem
1723 371 1864 416 studio,

1150 426 1242 461 utile
1277 438 1347 462 vas
1381 427 1419 462 in
1452 428 1566 463 domo
1601 429 1746 464 domini
1779 439 1863 465 esse

1149 483 1434 520 desiderantem
1462 486 1511 521 ad
1538 486 1769 522 refellendas
1795 486 1863 521 fal-

1150 552 1211 576 sas
1240 543 1554 589 perniciosasque
1584 544 1781 579 doctrinas
1810 544 1862 578 111

1148 600 1227 644 547,
1256 601 1288 635 5.
1320 605 1362 635 ut
1391 601 1440 636 ad
1471 600 1747 646 Hieronymum
1780 603 1861 646 iret,

1150 667 1235 692 eum
1281 658 1457 693 hortatus
1504 663 1564 694 est
1609 663 1724 704 atque
1770 660 1866 695 duos

1147 714 1265 750 libros
1297 715 1354 751 ‘de
1384 715 1533 762 origine
1563 717 1714 752 animae
1745 717 1863 752 hoini-

1148 772 1219 807 nis‘
1245 778 1283 808 et
1309 773 1367 808 ‘de
1395 774 1590 809 sententia
1616 774 1744 810 Iacobi
1771 785 1862 819 apo-

1149 830 1249 865 stoli*
1289 831 1371 866 sive
1411 842 1498 876 epp.
1539 832 1606 867 166
1644 838 1683 867 et
1723 833 1788 868 167
1826 832 1860 868 ei

1147 888 1310 924 tradidit
1348 889 1548 925 reddenda
1589 890 1643 924 III
1685 891 1764 935 547,
1808 891 1860 925 15.

1147 946 1225 991 620,
1257 947 1430 992 27—621,
1464 947 1517 982 16.
1547 948 1627 992 636,
1660 948 1713 983 10.
1749 948 1861 983 simul

1147 1014 1233 1038 eum
1269 1005 1434 1050 rogavit,
1469 1010 1510 1039 ut
1547 1004 1594 1040 ab
1630 1005 1863 1051 Hieronymo

1146 1062 1307 1097 veniens
1334 1073 1402 1107 per
1430 1063 1600 1098 Africam
1628 1063 1667 1098 in
1695 1064 1859 1108 patriam

1146 1125 1345 1164 remearet,
1386 1120 1423 1155 id
1463 1121 1566 1165 quod
1606 1121 1764 1156 Orosius
1805 1126 1864 1156 est

1147 1177 1342 1221 pollicitus
1384 1177 1438 1212 111
1478 1179 1556 1224 548,
1600 1179 1631 1214 2.
1673 1179 1860 1224 Hierony-

1146 1246 1228 1271 mus
1256 1246 1341 1271 eum
1370 1241 1407 1272 et
1436 1236 1557 1280 ipsius
1585 1237 1720 1272 merito
1749 1242 1787 1272 et
1816 1238 1858 1272 A.

1146 1294 1439 1329 commendante
1515 1295 1688 1339 suscepit
1761 1295 1859 1330 sicut

1146 1351 1303 1387 fratrem
1342 1362 1451 1387 suum
1490 1357 1528 1388 et
1566 1352 1609 1387 A.
1648 1353 1766 1388 tilium
1805 1352 1858 1387 III

1144 1410 1222 1454 (336,
1247 1410 1279 1444 6.
1306 1420 1448 1445 novum
1472 1409 1697 1456 Hieronymi
1721 1411 1857 1445 librum

1143 1467 1190 1503 de
1225 1468 1507 1505 resurrectione
1541 1468 1668 1503 carnis
1702 1468 1859 1504 Orosius

1144 1525 1183 1560 in
1227 1525 1397 1561 Africam
1441 1526 1582 1562 adtulit
1624 1531 1661 1562 et
1706 1526 1858 1562 Oceano

1145 1583 1440 1619 describendum
1471 1584 1590 1629 dedit,
1620 1584 1685 1630 qui
1715 1589 1756 1619 ut
1787 1583 1858 1619 sibi

1144 1641 1328 1676 continuo
1368 1642 1596 1687 mitteretur,
1635 1642 1679 1677 A.
1718 1641 1858 1686 petivit

1145 1698 1199 1732 III
1223 1699 1302 1745 700,
1328 1700 1381 1734 13.
1403 1700 1503 1735 idem
1529 1699 1680 1735 litteras
1704 1699 1857 1735 Herotis

1143 1761 1181 1792 et
1220 1757 1357 1794 Lazari
1396 1758 1679 1803 episcoporum,
1720 1757 1858 1803 quibus

1143 1815 1324 1861 Pelagius
1360 1820 1398 1851 et
1431 1815 1645 1851 Caelestius
1679 1819 1858 1851 auctores

1143 1873 1282 1908 nefarii
1307 1873 1448 1909 erroris
1474 1884 1558 1909 esse
1584 1874 1856 1918 arguebantur,

1142 1931 1191 1966 ad
1222 1931 1427 1966 concilium
1459 1930 1763 1976 Carthaginense
1795 1930 1858 1966 de-

1144 1988 1232 2023 tulit
1258 1989 1310 2023 III
1337 1989 1416 2033 653,
1444 1989 1498 2024 13.
1525 1987 1660 2024 Orosio
1688 1988 1735 2024 de
1762 1988 1860 2023 Pris-

1143 2046 1432 2094 cillianistarum
1471 2046 1620 2081 haeresi
1658 2049 1694 2081 et
1731 2045 1860 2091 Orige-

1143 2104 1202 2138 nis
1223 2104 1452 2149 quibusdam
1474 2104 1722 2148 opinionibus
1742 2103 1857 2138 inter-

1143 2162 1297 2207 roga-nti
1323 2162 1366 2197 A.
1392 2172 1469 2197 uno
1494 2162 1590 2197 libro
1616 2172 1693 2196 non
1717 2161 1856 2207 grandi

1142 2219 1344 2263 respondit
1377 2219 1430 2253 III
1463 2220 1542 2264 621,
1575 2219 1628 2254 16.

343 2279 435 2314 teris
485 2279 767 2323 adnuntiasset,
816 2279 860 2314 A.
910 2278 1057 2324 gratias
1096 2277 1125 2312 O
1140 2288 1157 2311 r
1173 2287 1196 2321 p
1212 2278 1234 2311 h
1250 2288 1268 2312 e
1285 2277 1296 2312 i
1311 2287 1330 2312 c
1345 2288 1367 2312 a
1394 2281 1605 2322 praecepta
1630 2277 1682 2311 IV
1705 2277 1786 2321 519,
1802 2277 1855 2311 14.

342 2347 460 2382 agens
489 2336 708 2371 honorificis
735 2336 863 2371 verbis
892 2347 977 2372 eum
1005 2346 1059 2371 re-
1096 2334 1271 2379 Ozias,
1325 2339 1595 2379 praesumptor
1636 2334 1855 2379 sacerdotii,

344 2394 529 2429 salutavit
557 2394 607 2429 IV
635 2395 714 2439 604,
740 2395 773 2429 4.
1142 2393 1251 2437 lepra
1275 2403 1480 2437 percussus
1506 2397 1564 2428 est
1590 2392 1624 2426 II
1650 2393 1728 2437 282,
1755 2392 1808 2427 11.

296 2455 325 2490 O
340 2467 357 2490 r
372 2466 394 2491 o
410 2466 426 2490 s
442 2456 453 2490 i
468 2467 491 2490 u
507 2467 523 2490 s
556 2457 758 2501 presbyter
789 2467 836 2491 ex
867 2455 1056 2499 Hispania

343 2524 463 2559 usque
504 2515 552 2549 ab
591 2513 734 2549 Oceani
773 2513 885 2550 litore
924 2513 973 2549 ad
1011 2513 1055 2547 A.
1095 2513 1470 2565 paenitentia:
1505 2513 1552 2548 de
1584 2512 1694 2547 varia
1725 2511 1855 2556 paeni-

344 2572 568 2615 properavit
611 2571 715 2607 fama
754 2571 915 2616 excitus,
953 2570 1056 2616 quod

343 2630 390 2665 ab
417 2629 481 2664 illo
509 2634 652 2674 posset,
677 2640 776 2674 quae
803 2629 899 2664 scire
927 2628 1055 2673 vellet,

342 2687 476 2722 audire
512 2687 564 2721 III
599 2688 678 2731 547,
714 2687 770 2730 1ος
806 2688 852 2729 cf.
887 2686 967 2731 621,
1001 2686 1055 2721 12.

343 2745 386 2780 A.
424 2756 508 2781 eum
545 2750 660 2779 vocat
694 2744 916 2789 religiosum
953 2744 1055 2780 iuve-

343 2813 440 2847 nem,
495 2802 687 2837 catholica
736 2812 832 2847 pace
886 2802 1056 2846 fratrem,

1142 2571 1287 2606 tentiae
1315 2570 1464 2605 ratione
1490 2570 1541 2604 IV
1567 2570 1645 2614 639,
1671 2570 1703 2605 9.
1729 2569 1807 2613 644,
1832 2568 1853 2603 3

1139 2629 1266 2673 -646,
1302 2629 1355 2663 18.
1390 2638 1579 2673 quaenam
1614 2626 1855 2676 paenitentia

1141 2686 1319 2730 impetret
1355 2685 1508 2721 veniam
1544 2689 1582 2720 et
1616 2689 1756 2730 purget
1789 2683 1854 2718 ad-

1141 2737 1297 2779 missum
1332 2743 1365 2777 II
1399 2743 1477 2787 588,
1508 2743 1540 2778 6.
1573 2743 1621 2778 de
1655 2742 1854 2786 paeniten-

1142 2801 1216 2837 tiae
1243 2801 1327 2835 loco
1354 2801 1387 2835 in
1416 2800 1577 2835 eeclesia
1604 2799 1852 2834 concedendo
