2078 3054
298 137 382 180 266

345 268 467 302 morte
498 265 552 301 III
582 265 661 309 492,
693 265 748 300 21.
780 262 1064 310 quinquelibri

344 323 468 369 Moysi
514 323 550 358 II
596 323 675 367 159,
723 322 777 357 14.
826 321 979 367 Moyses
1025 324 1064 358 et

972 150 1115 187 Index
1143 151 1188 186 V.

1146 275 1284 301 venem
1310 265 1509 311 scripsisse
1535 266 1629 303 dicit
1653 267 1698 303 A.
1723 267 1758 303 II
1782 268 1862 313 541,

1145 322 1319 369 22—543,
1350 324 1404 359 16.
1434 334 1469 360 v.
1500 324 1638 361 David.

344 381 464 417 ceteri
492 381 702 426 prophetae
734 379 929 415 dominum
959 379 1064 415 Chri-
1099 379 1173 415 Mu
1189 389 1206 415 s
1220 380 1405 419 titanu
1420 391 1437 417 s
1466 392 1501 417 v.
1530 381 1759 419 Felicianus.
1787 384 1863 419 Mu-

346 443 446 474 stum
519 438 849 484 prophetaverunt
919 441 958 474 et
1029 438 1064 473 ei

1147 438 1292 474 stitana
1320 439 1459 475 civitas
1488 439 1523 475 11
1550 440 1632 486 828,
1659 442 1692 477 9.

344 496 505 542 gloriam
553 505 730 541 magnam
776 495 966 531 dederunt
1010 494 1064 530 III
1100 495 1135 530 M
1149 506 1174 531 u
1188 499 1204 530 t
1217 506 1242 531 u
1255 506 1283 542 g
1295 506 1315 532 e
1329 507 1354 531 n
1368 507 1393 531 n
1407 507 1431 532 a
1443 508 1480 532 m
1505 498 1550 532 A.
1575 498 1743 543 perrexit
1767 499 1783 534 I
1808 499 1864 543 65,

346 554 424 598 115,
451 554 484 589 7.
512 552 810 599 quadragesima
829 550 1064 589 ieiuniorum

1147 553 1203 589 20.
1231 554 1326 589 villa
1353 553 1590 600 Mutugenna
1617 555 1671 591 III
1699 557 1779 602 645,
1808 557 1863 593 25.

344 611 460 647 habet
507 611 779 647 auctoritatem
827 621 874 647 ex
921 610 1063 646 ieiunio
1099 610 1134 645 M
1150 622 1174 646 u
1187 613 1203 646 t
1217 622 1241 646 u
1254 622 1280 657 g
1295 622 1314 647 e
1329 619 1354 646 n
1367 622 1392 646 n
1407 622 1427 647 e
1442 623 1467 647 n
1481 622 1498 647 s
1513 612 1525 647 i
1540 622 1557 648 s
1593 613 1794 659 presbyter
1830 626 1864 652 v.

343 669 469 715 Moysi
500 668 536 704 ΙΙ
568 669 649 714 200,
682 669 741 713 19;
774 669 823 711 cf.
852 669 911 714 32,
941 669 974 705 5.
1008 667 1064 714 41,

346 728 401 762 17.
433 726 586 772 Moyses
619 730 658 763 et
687 726 818 762 Helias
850 726 944 762 nihil
976 736 1064 762 con-

345 787 406 820 tra
454 784 618 830 prandia
667 784 915 820 sabbatorum
966 784 1064 820 fece-

344 846 445 888 runt,
492 852 578 878 cum
625 842 760 879 diebus
806 842 1064 888 quadragenis

1145 668 1334 704 Donatus.
1348 669 1535 705 diaconus
1549 669 1865 718 Mutugennensis

1147 737 1172 762 a
1217 726 1422 763 Maximino
1470 727 1732 773 rebaptizatus
1781 740 1865 766 esse

1147 783 1347 820 dicebatur
1377 785 1395 820 I
1424 785 1480 830 65,
1512 785 1568 821 10.

346 901 618 937 ieiunaverunt
642 900 677 935 II
701 900 758 945 56,
786 900 842 936 19.
866 900 940 945 leX,
966 910 1064 946 quae
1101 908 1134 944 N
1149 920 1173 945 a
1186 910 1209 945 b
1223 921 1248 945 u
1262 919 1282 945 ρ
1296 909 1320 945 h
1334 920 1356 945 0
1371 910 1397 946 d
1410 920 1432 945 0
1448 921 1473 945 n
1487 920 1509 946 0
1525 920 1542 946 s
1557 920 1579 946 o
1594 921 1612 946 r
1634 910 1737 956 regis
1757 910 1863 957 leges

345 959 438 994 data
473 962 532 995 est
567 968 635 1004 per
670 957 841 1003 Moysen,
874 968 946 994 nec
980 957 1065 1003 ipsa

347 1016 474 1061 potuit
515 1015 715 1052 vivificare
757 1020 795 1052 et
835 1016 999 1052 liberare
1041 1027 1064 1051 a

345 1075 430 1121 lege
481 1074 632 1120 peccati
683 1077 721 1110 et
770 1074 916 1118 mortis,
966 1084 1065 1119 quae

346 1135 472 1168 tracta
503 1135 564 1168 est
595 1142 642 1168 ex
673 1131 809 1177 Adam,
842 1131 910 1167 sed
942 1131 1064 1177 magis

345 1190 495 1226 addidit
516 1189 861 1235 praevaricationis
884 1199 1065 1235 augmen-

346 1252 387 1284 ta
412 1248 466 1283 III
491 1247 572 1293 462,
599 1248 658 1292 233
687 1247 733 1290 cf.
761 1247 841 1292 463,
866 1247 922 1283 22.
947 1246 1065 1283 Mani-

346 1306 456 1342 chaei
498 1306 623 1352 legem
666 1315 734 1351 per
777 1305 962 1341 famulum
1004 1305 1066 1341 dei

346 1363 506 1409 Moysen
539 1363 668 1400 datam
701 1373 780 1399 non
811 1373 835 1399 a
865 1374 959 1399 vero
992 1363 1065 1399 deo

349 1421 531 1457 dicebant
572 1421 641 1457 sed
681 1431 706 1456 a
746 1421 917 1467 principe
960 1424 1064 1457 tene-

1148 971 1237 1004 ante
1273 968 1551 1004 correctionem
1586 973 1625 1004 et
1658 973 1748 1013 post
1779 979 1863 1004 eam

1149 1026 1367 1062 contrariae
1394 1025 1430 1060 II
1456 1026 1536 1071 599,
1562 1026 1618 1062 25.
1645 1026 1725 1072 600,
1752 1027 1784 1062 5.
1811 1026 1864 1061 IV

1149 1085 1180 1129 7,
1207 1084 1263 1120 22.
1287 1084 1450 1120 servivit
1475 1084 1632 1120 domino
1658 1084 1703 1120 N.
1731 1095 1863 1121 omnes

1149 1142 1188 1178 in
1217 1153 1336 1188 regno
1366 1153 1434 1178 suo
1462 1142 1611 1187 positos
1639 1153 1662 1178 a
1687 1142 1864 1188 blasphe-

1148 1201 1290 1236 mando
1321 1200 1393 1236 deo
1426 1200 1513 1246 lege
1543 1200 1707 1236 terribili
1737 1201 1864 1245 prohi-

1148 1259 1275 1295 bendo
1318 1258 1372 1294 IV
1419 1258 1473 1303 18,
1518 1259 1550 1294 5.
1597 1258 1637 1294 in
1683 1269 1773 1305 rege
1818 1258 1864 1294 N.

1148 1320 1353 1363 utrumque
1382 1320 1534 1361 tempus
1560 1316 1767 1362 figuratum
1794 1322 1864 1362 est,

1149 1379 1187 1411 et
1214 1375 1318 1421 quod
1347 1375 1418 1411 sub
1445 1374 1636 1420 apostolis
1663 1374 1798 1411 habuit
1827 1378 1865 1411 et

1149 1433 1253 1479 quod
1280 1443 1381 1469 nunc
1407 1432 1523 1469 habet
1549 1432 1729 1477 ecclesia;
1756 1432 1864 1478 prius

345 1479 499 1515 brarum
533 1479 586 1515 IV
618 1479 697 1524 524,
731 1479 787 1515 23.

299 1543 553 1579 mulieris
611 1542 765 1579 nomine
823 1543 1063 1587 proprietate

346 1600 559 1637 Hebraicae
588 1601 742 1646 linguae
771 1600 894 1636 omnis
924 1599 1068 1636 femina

1149 1491 1251 1528 enim
1278 1495 1431 1536 tempus
1459 1490 1562 1526 illius
1589 1491 1692 1536 regis
1722 1490 1865 1536 signifi-

1150 1550 1264 1586 cabat
1317 1549 1448 1594 priora
1502 1553 1680 1593 tempora
1731 1559 1864 1594 regum

1150 1607 1374 1653 infidelium,
1412 1607 1606 1652 posterius
1641 1617 1734 1643 vero
1773 1611 1865 1642 tem-

1150 1676 1223 1711 pus
1274 1669 1450 1711 tempora
1499 1665 1758 1710 posteriorum
1810 1675 1866 1700 re-

1149 1734 1240 1770 gum
1275 1724 1351 1759 iam
1384 1723 1554 1759 fidelium
1590 1722 1626 1757 II
1659 1723 1739 1767 453,
1776 1722 1866 1757 16—

1149 1782 1230 1828 454,
1268 1782 1300 1818 3.
1339 1781 1384 1817 N.
1422 1791 1591 1826 persona
1627 1780 1795 1827 figurata
1830 1779 1864 1815 11

1148 1840 1226 1886 746,
1254 1840 1287 1876 2.

1103 1897 1459 1934 Nabuthaeus
1511 1897 1628 1933 stabit
1676 1897 1865 1932 adversus

347 1957 646 1990 strumentorum
680 1952 958 1989 dominicorum
991 1955 1066 1987 tra-
1151 1956 1294 2001 Achab,
1332 1956 1514 2002 quoniam
1550 1955 1701 1991 labores
1739 1954 1866 1991 Nabu-

348 2011 495 2047 ditione
523 2014 651 2047 actum
680 2014 740 2047 est
767 2010 803 2046 II
831 2011 909 2055 154,
937 2010 992 2045 22.
1150 2014 1255 2051 thaei
1281 2013 1440 2050 abstulit
1467 2013 1600 2048 Achab
1626 2013 1679 2048 IV
1704 2012 1761 2057 36,
1783 2013 1818 2048 4.

301 2069 544 2113 Muresis,
583 2068 715 2114 Optati
752 2068 1006 2112 necessarius,
1044 2078 1067 2102 a
1103 2071 1346 2108 Naevius
1395 2071 1493 2116 pede
1540 2070 1704 2116 longior,
1751 2080 1865 2116 quam

349 2138 424 2173 quo
453 2137 538 2162 cum
564 2127 713 2162 litteras
739 2126 786 2162 de
814 2126 962 2172 origine
987 2125 1066 2161 ani·
1152 2130 1217 2179 qui
1241 2134 1300 2166 est
1325 2140 1392 2165 sex
1417 2129 1667 2175 longissimus
1691 2128 1708 2163 I
1730 2128 1786 2172 33,
1809 2128 1864 2162 22.

349 2194 432 2221 mae
477 2184 615 2220 missas
660 2184 886 2229 accepisset,
930 2183 976 2219 A.
1020 2182 1067 2218 de
1150 2189 1205 2233 35,
1235 2188 1288 2223 11.

349 2244 420 2278 hac
481 2242 706 2288 quaestione
765 2241 960 2277 consuluit
1015 2241 1068 2276 IV
1104 2246 1428 2291 Namphamo
1460 2244 1655 2291 sig-nificat,
1681 2244 1773 2280 boni
1803 2254 1866 2288 pe-

351 2301 429 2345 138,
458 2301 492 2336 8·
1152 2304 1212 2340 dis
1247 2304 1452 2348 hominem,
1485 2303 1525 2339 id
1561 2307 1620 2339 est
1655 2302 1764 2337 cuius
1801 2301 1866 2337 ad-

303 2369 378 2394 niu
394 2369 485 2394 sea
516 2368 551 2394 v.
584 2358 813 2394 haereticus.
1152 2366 1292 2398 ventus
1318 2361 1470 2397 adferat
1495 2360 1643 2406 aliquid
1669 2359 1866 2395 felicitatis

303 2422 520 2467 musica,
545 2422 583 2457 id
609 2425 668 2457 est
693 2421 857 2457 scientia
881 2431 1067 2456 sensusve
1152 2420 1169 2454 Ι
1200 2420 1256 2465 41,
1289 2420 1346 2463 153
1380 2419 1426 2460 cf.
1458 2419 1514 2463 42,
1546 2419 1578 2453 4.
1609 2417 1865 2462 Namphamo-

351 2480 576 2515 modulandi
646 2479 695 2515 ad
762 2479 1065 2515 admonitionem
1153 2489 1238 2514 nem
1267 2477 1584 2521 archimartyrem
1614 2475 1763 2511 cunctis
1792 2475 1866 2510 diis

347 1662 593 1704 nuncupatur
646 1659 727 1694 sive
781 1658 865 1694 viro
919 1653 1083 1694 intacta!

347 1717 430 1753 sive
481 1717 556 1752 iam
606 1717 726 1752 mixta
776 1716 829 1751 111
881 1716 959 1761 158,
1009 1691 1083 1755 2ss

300 1780 576 1816 Munatius
626 1779 744 1825 Felix,
795 1779 933 1815 flamen
984 1789 1065 1824 per-

347 1841 498 1884 petuus,
547 1841 702 1874 curator
750 1837 921 1873 civitatis
969 1836 1066 1873 Con-

348 1896 611 1951 stantinensis,
647 1895 750 1941 apud
784 1906 896 1940 quem
929 1894 977 1931 de
1013 1894 1066 1929 in·

352 2548 514 2583 magnae
568 2538 621 2572 rei
674 2537 790 2572 etiam
843 2535 1068 2572 mortalibus

352 2595 559 2631 rationales
583 2594 811 2631 habentibus
836 2594 983 2630 animas
1007 2594 1068 2629 dei

351 2653 531 2698 largitate
572 2662 759 2688 concessa
798 2656 858 2687 est
896 2652 949 2686 111
988 2652 1068 2695 565,

353 2711 407 2746 10.
446 2711 594 2746 musica
631 2710 669 2745 in
706 2710 813 2745 luctu
852 2710 1068 2755 importuna

352 2768 521 2804 narratio
571 2768 787 2812 (proverb.)
836 2767 870 2802 II
920 2767 998 2811 241,
1047 2767 1069 2801 8

353 2825 503 2870 (Hm).
540 2826 587 2861 de
624 2825 772 2861 musica
807 2835 904 2871 quae
938 2834 982 2860 se
1015 2824 1068 2859 iu-

1153 2535 1420 2571 inmortalibus
1462 2534 1649 2578 praeferri
1692 2533 1867 2578 indigna-

1153 2595 1293 2629 bantur
1322 2592 1466 2638 pagani
1494 2591 1510 2626 I
1538 2592 1595 2637 38,
1623 2591 1652 2626 1.

1107 2651 1279 2687 nasci:
1309 2651 1384 2686 dici
1412 2660 1489 2685 non
1520 2653 1650 2693 potest
1678 2649 1752 2684 iam
1782 2658 1865 2684 esse

1154 2712 1285 2744 natum
1315 2708 1517 2751 hominem,
1547 2706 1662 2742 etiam
1692 2716 1777 2741 cum
1806 2705 1869 2740 ad-

1153 2768 1226 2802 huc
1266 2771 1323 2802 est
1364 2766 1402 2800 in
1441 2769 1551 2800 utero
1592 2765 1737 2808 matris,
1777 2774 1864 2798 nam

1153 2825 1278 2870 prima
1321 2823 1508 2860 nativitas
1551 2821 1593 2857 fit
1634 2825 1756 2858 matre
1800 2830 1865 2867 pa-
