<?xml version="1.0" encoding="UTF-8"?>
<!DOCTYPE html PUBLIC "-//W3C//DTD XHTML 1.0 Transitional//EN"
    "http://www.w3.org/TR/xhtml1/DTD/xhtml1-transitional.dtd">
<html xmlns="http://www.w3.org/1999/xhtml" xml:lang="en" lang="en">
 <head>
  <title>
</title>
<meta http-equiv="Content-Type" content="text/html;charset=utf-8" />
  <meta name='ocr-system' content='tesseract 3.04.00' />
  <meta name='ocr-capabilities' content='ocr_page ocr_carea ocr_par ocr_line ocrx_word'/>
</head>
<body>
  <div class='ocr_page' id='page_1' title='image "./corpusscriptorum58auguuoft_0254.png"; bbox 0 0 2078 3054; ppageno 0'>
   <div class='ocr_carea' id='block_1_1' title="bbox 306 130 383 172">
    <p class='ocr_par' dir='ltr' id='par_1_1' title="bbox 306 130 383 172">
     <span class='ocr_line' id='line_1_1' title="bbox 306 130 383 172; baseline 0 -1"><span class='ocrx_word' id='word_1_1' title='bbox 306 130 383 172; x_wconf 89' lang='grc'>148</span> 
     </span>
    </p>
   </div>
   <div class='ocr_carea' id='block_1_2' title="bbox 291 257 1078 2624">
    <p class='ocr_par' dir='ltr' id='par_1_2' title="bbox 345 257 1078 651">
     <span class='ocr_line' id='line_1_2' title="bbox 348 257 1078 303; baseline -0.001 -10"><span class='ocrx_word' id='word_1_2' title='bbox 348 258 402 293; x_wconf 91' lang='grc' dir='ltr'>ΙΙΙ</span> <span class='ocrx_word' id='word_1_3' title='bbox 428 259 482 303; x_wconf 99' lang='grc'>67,</span> <span class='ocrx_word' id='word_1_4' title='bbox 510 259 562 294; x_wconf 90' lang='grc'>13.</span> <span class='ocrx_word' id='word_1_5' title='bbox 587 258 634 294; x_wconf 88' lang='lat' dir='ltr'>de</span> <span class='ocrx_word' id='word_1_6' title='bbox 661 269 717 303; x_wconf 90' lang='lat' dir='ltr'>eo,</span> <span class='ocrx_word' id='word_1_7' title='bbox 742 258 844 303; x_wconf 87' lang='lat' dir='ltr'>quod</span> <span class='ocrx_word' id='word_1_8' title='bbox 871 261 929 293; x_wconf 88' lang='lat' dir='ltr'>est</span> <span class='ocrx_word' id='word_1_9' title='bbox 954 257 1078 301; x_wconf 61' lang='lat' dir='ltr'>apud*</span> 
     </span>
     <span class='ocr_line' id='line_1_3' title="bbox 346 315 1078 361; baseline -0.001 -9"><span class='ocrx_word' id='word_1_10' title='bbox 346 316 580 361; x_wconf 80' lang='lat' dir='ltr'>Ciceronem,</span> <span class='ocrx_word' id='word_1_11' title='bbox 627 317 665 352; x_wconf 90' lang='lat' dir='ltr'>in</span> <span class='ocrx_word' id='word_1_12' title='bbox 708 315 950 361; x_wconf 84' lang='lat' dir='ltr'>gravissimis</span> <span class='ocrx_word' id='word_1_13' title='bbox 994 316 1078 351; x_wconf 51' lang='lat' dir='ltr'>do-¹</span> 
     </span>
     <span class='ocr_line' id='line_1_4' title="bbox 347 375 1057 419; baseline -0.001 -10"><span class='ocrx_word' id='word_1_14' title='bbox 347 376 490 410; x_wconf 87' lang='lat' dir='ltr'>loribus</span> <span class='ocrx_word' id='word_1_15' title='bbox 544 375 717 419; x_wconf 87' lang='lat' dir='ltr'>corporis</span> <span class='ocrx_word' id='word_1_16' title='bbox 769 375 923 409; x_wconf 87' lang='lat' dir='ltr'>beatum</span> <span class='ocrx_word' id='word_1_17' title='bbox 974 383 1057 408; x_wconf 89' lang='lat' dir='ltr'>esse</span> 
     </span>
     <span class='ocr_line' id='line_1_5' title="bbox 347 431 1057 477; baseline -0.003 -9"><span class='ocrx_word' id='word_1_18' title='bbox 347 443 459 477; x_wconf 86' lang='lat' dir='ltr'>posse</span> <span class='ocrx_word' id='word_1_19' title='bbox 509 433 723 476; x_wconf 75' lang='lat' dir='ltr'>sapientem</span> <span class='ocrx_word' id='word_1_20' title='bbox 773 431 827 466; x_wconf 89' lang='grc' dir='ltr'>ΙΙΙ</span> <span class='ocrx_word' id='word_1_21' title='bbox 875 432 954 477; x_wconf 92' lang='lat'>432,</span> <span class='ocrx_word' id='word_1_22' title='bbox 1004 431 1057 466; x_wconf 87' lang='lat'>13.</span> 
     </span>
     <span class='ocr_line' id='line_1_6' title="bbox 346 490 1057 536; baseline -0.004 -10"><span class='ocrx_word' id='word_1_23' title='bbox 346 496 435 526; x_wconf 81' lang='lat' dir='ltr'>sunt</span> <span class='ocrx_word' id='word_1_24' title='bbox 479 491 543 536; x_wconf 89' lang='lat' dir='ltr'>qui</span> <span class='ocrx_word' id='word_1_25' title='bbox 592 491 724 525; x_wconf 81' lang='lat' dir='ltr'>dicant</span> <span class='ocrx_word' id='word_1_26' title='bbox 770 501 855 525; x_wconf 89' lang='lat' dir='ltr'>eum</span> <span class='ocrx_word' id='word_1_27' title='bbox 903 490 1057 524; x_wconf 86' lang='lat' dir='ltr'>beatum</span> 
     </span>
     <span class='ocr_line' id='line_1_7' title="bbox 345 547 1058 594; baseline -0.003 -10"><span class='ocrx_word' id='word_1_28' title='bbox 345 560 440 594; x_wconf 85' lang='lat' dir='ltr'>esse,</span> <span class='ocrx_word' id='word_1_29' title='bbox 473 549 537 594; x_wconf 86' lang='lat' dir='ltr'>qui</span> <span class='ocrx_word' id='word_1_30' title='bbox 573 549 782 584; x_wconf 83' lang='lat' dir='ltr'>secundum</span> <span class='ocrx_word' id='word_1_31' title='bbox 818 558 925 582; x_wconf 90' lang='lat' dir='ltr'>suam</span> <span class='ocrx_word' id='word_1_32' title='bbox 959 547 1058 582; x_wconf 90' lang='lat' dir='ltr'>vivit</span> 
     </span>
     <span class='ocr_line' id='line_1_8' title="bbox 345 606 820 651; baseline -0.004 -9"><span class='ocrx_word' id='word_1_33' title='bbox 345 607 584 642; x_wconf 88' lang='lat' dir='ltr'>voluntatem</span> <span class='ocrx_word' id='word_1_34' title='bbox 617 606 671 640; x_wconf 83' lang='grc' dir='ltr'>ΙΙΙ</span> <span class='ocrx_word' id='word_1_35' title='bbox 703 607 757 651; x_wconf 83' lang='grc'>51,</span> <span class='ocrx_word' id='word_1_36' title='bbox 788 606 820 641; x_wconf 79' lang='grc'>4.</span> 
     </span>
    </p>

    <p class='ocr_par' dir='ltr' id='par_1_3' title="bbox 298 663 1058 767">
     <span class='ocr_line' id='line_1_9' title="bbox 298 663 1058 708; baseline -0.003 -9"><span class='ocrx_word' id='word_1_37' title='bbox 298 665 620 708; x_wconf 83' lang='lat' dir='ltr'>Beelzebub,</span> <span class='ocrx_word' id='word_1_38' title='bbox 673 664 854 708; x_wconf 88' lang='lat' dir='ltr'>princeps</span> <span class='ocrx_word' id='word_1_39' title='bbox 905 663 1058 699; x_wconf 90' lang='lat' dir='ltr'>daemo-</span> 
     </span>
     <span class='ocr_line' id='line_1_10' title="bbox 345 721 1008 767; baseline -0.002 -10"><span class='ocrx_word' id='word_1_40' title='bbox 345 723 492 758; x_wconf 86' lang='lat' dir='ltr'>niorum</span> <span class='ocrx_word' id='word_1_41' title='bbox 529 722 564 757; x_wconf 89' lang='lat' dir='ltr'>II</span> <span class='ocrx_word' id='word_1_42' title='bbox 600 722 677 767; x_wconf 81' lang='lat'>726,</span> <span class='ocrx_word' id='word_1_43' title='bbox 714 722 765 756; x_wconf 87' lang='lat'>18.</span> <span class='ocrx_word' id='word_1_44' title='bbox 802 721 854 756; x_wconf 91' lang='lat' dir='ltr'>IV</span> <span class='ocrx_word' id='word_1_45' title='bbox 888 722 943 766; x_wconf 95' lang='lat'>70,</span> <span class='ocrx_word' id='word_1_46' title='bbox 977 722 1008 756; x_wconf 88' lang='lat'>4.</span> 
     </span>
    </p>

    <p class='ocr_par' dir='ltr' id='par_1_4' title="bbox 298 779 1056 825">
     <span class='ocr_line' id='line_1_11' title="bbox 298 779 1056 825; baseline -0.001 -10"><span class='ocrx_word' id='word_1_47' title='bbox 298 781 476 816; x_wconf 87' lang='lat' dir='ltr'>Belial</span> <span class='ocrx_word' id='word_1_48' title='bbox 526 791 595 825; x_wconf 91' lang='lat' dir='ltr'>pro</span> <span class='ocrx_word' id='word_1_49' title='bbox 647 780 819 825; x_wconf 80' lang='lat' dir='ltr'>generali</span> <span class='ocrx_word' id='word_1_50' title='bbox 871 779 1056 815; x_wconf 86' lang='lat' dir='ltr'>societate</span> 
     </span>
    </p>

    <p class='ocr_par' dir='ltr' id='par_1_5' title="bbox 296 838 1056 1406">
     <span class='ocr_line' id='line_1_12' title="bbox 390 838 931 883; baseline -0.006 -8"><span class='ocrx_word' id='word_1_51' title='bbox 390 839 680 875; x_wconf 89' lang='lat' dir='ltr'>daemoniorum</span> <span class='ocrx_word' id='word_1_52' title='bbox 712 838 764 872; x_wconf 86' lang='lat' dir='ltr'>IV</span> <span class='ocrx_word' id='word_1_53' title='bbox 792 838 871 883; x_wconf 87' lang='lat'>583,</span> <span class='ocrx_word' id='word_1_54' title='bbox 900 838 931 872; x_wconf 90' lang='lat'>4.</span> 
     </span>
     <span class='ocr_line' id='line_1_13' title="bbox 297 895 1056 941; baseline -0.001 -10"><span class='ocrx_word' id='word_1_55' title='bbox 297 897 488 932; x_wconf 88' lang='lat' dir='ltr'>beluae</span> <span class='ocrx_word' id='word_1_56' title='bbox 566 897 737 932; x_wconf 85' lang='lat' dir='ltr'>marinae</span> <span class='ocrx_word' id='word_1_57' title='bbox 817 895 1056 941; x_wconf 82' lang='lat' dir='ltr'>magnitudo,</span> 
     </span>
     <span class='ocr_line' id='line_1_14' title="bbox 343 954 1056 999; baseline -0.001 -10"><span class='ocrx_word' id='word_1_58' title='bbox 343 955 451 990; x_wconf 75' lang='lat' dir='ltr'>cuius</span> <span class='ocrx_word' id='word_1_59' title='bbox 486 959 616 990; x_wconf 87' lang='lat' dir='ltr'>costae</span> <span class='ocrx_word' id='word_1_60' title='bbox 650 954 884 999; x_wconf 81' lang='lat' dir='ltr'>Carthagine</span> <span class='ocrx_word' id='word_1_61' title='bbox 918 954 956 988; x_wconf 89' lang='lat' dir='ltr'>in</span> <span class='ocrx_word' id='word_1_62' title='bbox 988 963 1056 997; x_wconf 87' lang='lat' dir='ltr'>pu-</span> 
     </span>
     <span class='ocr_line' id='line_1_15' title="bbox 343 1012 936 1055; baseline -0.002 -8"><span class='ocrx_word' id='word_1_63' title='bbox 343 1013 441 1048; x_wconf 87' lang='lat' dir='ltr'>blico</span> <span class='ocrx_word' id='word_1_64' title='bbox 471 1013 570 1048; x_wconf 76' lang='lat' dir='ltr'>fixae</span> <span class='ocrx_word' id='word_1_65' title='bbox 599 1017 709 1048; x_wconf 88' lang='lat' dir='ltr'>erant</span> <span class='ocrx_word' id='word_1_66' title='bbox 738 1012 772 1046; x_wconf 89' lang='lat' dir='ltr'>II</span> <span class='ocrx_word' id='word_1_67' title='bbox 800 1012 877 1055; x_wconf 90' lang='lat'>571,</span> <span class='ocrx_word' id='word_1_68' title='bbox 906 1013 936 1046; x_wconf 94' lang='lat'>7.</span> 
     </span>
     <span class='ocr_line' id='line_1_16' title="bbox 296 1070 904 1106; baseline 0 -1"><span class='ocrx_word' id='word_1_69' title='bbox 296 1071 627 1106; x_wconf 89' lang='lat' dir='ltr'>benedicere</span> <span class='ocrx_word' id='word_1_70' title='bbox 660 1081 696 1105; x_wconf 84' lang='lat' dir='ltr'>v.</span> <span class='ocrx_word' id='word_1_71' title='bbox 729 1070 904 1105; x_wconf 89' lang='lat' dir='ltr'>antistes.</span> 
     </span>
     <span class='ocr_line' id='line_1_17' title="bbox 297 1127 1054 1172; baseline -0.003 -9"><span class='ocrx_word' id='word_1_72' title='bbox 297 1127 729 1164; x_wconf 80' lang='lat' dir='ltr'>benedictiones</span> <span class='ocrx_word' id='word_1_73' title='bbox 783 1128 1054 1172; x_wconf 86' lang='lat' dir='ltr'>episcoporum</span> 
     </span>
     <span class='ocr_line' id='line_1_18' title="bbox 343 1186 1054 1232; baseline -0.003 -10"><span class='ocrx_word' id='word_1_74' title='bbox 343 1197 457 1232; x_wconf 85' lang='lat' dir='ltr'>super</span> <span class='ocrx_word' id='word_1_75' title='bbox 488 1187 671 1232; x_wconf 87' lang='lat' dir='ltr'>populum</span> <span class='ocrx_word' id='word_1_76' title='bbox 702 1186 756 1220; x_wconf 94' lang='lat' dir='ltr'>III</span> <span class='ocrx_word' id='word_1_77' title='bbox 784 1187 863 1231; x_wconf 92' lang='lat'>659,</span> <span class='ocrx_word' id='word_1_78' title='bbox 894 1186 947 1221; x_wconf 89' lang='lat'>12.</span> <span class='ocrx_word' id='word_1_79' title='bbox 976 1186 1054 1230; x_wconf 88' lang='grc'>693,</span> 
     </span>
     <span class='ocr_line' id='line_1_19' title="bbox 342 1244 1055 1290; baseline -0.001 -10"><span class='ocrx_word' id='word_1_80' title='bbox 342 1246 377 1285; x_wconf 84' lang='grc'>8;</span> <span class='ocrx_word' id='word_1_81' title='bbox 403 1246 449 1286; x_wconf 76' lang='lat' dir='ltr'>cf.</span> <span class='ocrx_word' id='word_1_82' title='bbox 476 1245 510 1279; x_wconf 91' lang='lat' dir='ltr'>II</span> <span class='ocrx_word' id='word_1_83' title='bbox 533 1246 587 1290; x_wconf 89' lang='lat'>83,</span> <span class='ocrx_word' id='word_1_84' title='bbox 612 1245 664 1280; x_wconf 87' lang='lat'>13.</span> <span class='ocrx_word' id='word_1_85' title='bbox 687 1244 741 1279; x_wconf 91' lang='lat' dir='ltr'>III</span> <span class='ocrx_word' id='word_1_86' title='bbox 763 1244 842 1289; x_wconf 89' lang='lat'>363,</span> <span class='ocrx_word' id='word_1_87' title='bbox 867 1244 920 1278; x_wconf 91' lang='lat'>11.</span> <span class='ocrx_word' id='word_1_88' title='bbox 942 1244 1055 1279; x_wconf 88' lang='lat' dir='ltr'>bene—</span> 
     </span>
     <span class='ocr_line' id='line_1_20' title="bbox 341 1302 1054 1348; baseline -0.003 -10"><span class='ocrx_word' id='word_1_89' title='bbox 341 1304 460 1339; x_wconf 83' lang='lat' dir='ltr'>dictio</span> <span class='ocrx_word' id='word_1_90' title='bbox 488 1303 601 1348; x_wconf 88' lang='lat' dir='ltr'>panis</span> <span class='ocrx_word' id='word_1_91' title='bbox 628 1303 773 1346; x_wconf 76' lang='lat' dir='ltr'>(Paul.)</span> <span class='ocrx_word' id='word_1_92' title='bbox 797 1302 832 1336; x_wconf 92' lang='lat' dir='ltr'>II</span> <span class='ocrx_word' id='word_1_93' title='bbox 858 1303 889 1347; x_wconf 87' lang='lat'>8,</span> <span class='ocrx_word' id='word_1_94' title='bbox 919 1302 972 1336; x_wconf 90' lang='lat'>10.</span> <span class='ocrx_word' id='word_1_95' title='bbox 1001 1302 1054 1346; x_wconf 89' lang='lat'>11,</span> 
     </span>
     <span class='ocr_line' id='line_1_21' title="bbox 341 1360 911 1406; baseline -0.002 -10"><span class='ocrx_word' id='word_1_96' title='bbox 341 1363 373 1406; x_wconf 88' lang='lat'>4,</span> <span class='ocrx_word' id='word_1_97' title='bbox 401 1361 658 1397; x_wconf 85' lang='lat' dir='ltr'>ordinationis</span> <span class='ocrx_word' id='word_1_98' title='bbox 687 1360 722 1395; x_wconf 95' lang='lat' dir='ltr'>II</span> <span class='ocrx_word' id='word_1_99' title='bbox 749 1360 828 1405; x_wconf 88' lang='lat'>223,</span> <span class='ocrx_word' id='word_1_100' title='bbox 855 1360 911 1395; x_wconf 92' lang='lat'>23.</span> 
     </span>
    </p>

    <p class='ocr_par' dir='ltr' id='par_1_6' title="bbox 294 1419 1055 1696">
     <span class='ocr_line' id='line_1_22' title="bbox 294 1419 1055 1463; baseline -0.001 -10"><span class='ocrx_word' id='word_1_101' title='bbox 294 1419 608 1455; x_wconf 88' lang='lat' dir='ltr'>Benenatus</span> <span class='ocrx_word' id='word_1_102' title='bbox 640 1419 859 1463; x_wconf 87' lang='lat' dir='ltr'>episcopus,</span> <span class='ocrx_word' id='word_1_103' title='bbox 891 1428 1055 1463; x_wconf 88' lang='lat' dir='ltr'>quocum</span> 
     </span>
     <span class='ocr_line' id='line_1_23' title="bbox 342 1476 1054 1522; baseline -0.004 -9"><span class='ocrx_word' id='word_1_104' title='bbox 342 1478 385 1513; x_wconf 91' lang='lat' dir='ltr'>A.</span> <span class='ocrx_word' id='word_1_105' title='bbox 412 1488 471 1522; x_wconf 92' lang='lat' dir='ltr'>ep.</span> <span class='ocrx_word' id='word_1_106' title='bbox 498 1478 566 1513; x_wconf 89' lang='lat'>253</span> <span class='ocrx_word' id='word_1_107' title='bbox 593 1482 632 1513; x_wconf 89' lang='lat' dir='ltr'>et</span> <span class='ocrx_word' id='word_1_108' title='bbox 660 1478 727 1512; x_wconf 89' lang='lat'>254</span> <span class='ocrx_word' id='word_1_109' title='bbox 755 1477 803 1512; x_wconf 91' lang='lat' dir='ltr'>de</span> <span class='ocrx_word' id='word_1_110' title='bbox 832 1476 960 1521; x_wconf 89' lang='lat' dir='ltr'>puella</span> <span class='ocrx_word' id='word_1_111' title='bbox 987 1476 1054 1510; x_wconf 89' lang='lat' dir='ltr'>ali-</span> 
     </span>
     <span class='ocr_line' id='line_1_24' title="bbox 341 1534 1052 1581; baseline -0.001 -11"><span class='ocrx_word' id='word_1_112' title='bbox 341 1547 416 1581; x_wconf 78' lang='lat' dir='ltr'>qua</span> <span class='ocrx_word' id='word_1_113' title='bbox 439 1536 531 1581; x_wconf 87' lang='lat' dir='ltr'>agit,</span> <span class='ocrx_word' id='word_1_114' title='bbox 553 1540 681 1571; x_wconf 89' lang='lat' dir='ltr'>utrum</span> <span class='ocrx_word' id='word_1_115' title='bbox 706 1535 745 1570; x_wconf 91' lang='lat' dir='ltr'>in</span> <span class='ocrx_word' id='word_1_116' title='bbox 768 1534 1052 1570; x_wconf 84' lang='lat' dir='ltr'>matrimonium</span> 
     </span>
     <span class='ocr_line' id='line_1_25' title="bbox 340 1592 1055 1629; baseline -0.001 -1"><span class='ocrx_word' id='word_1_117' title='bbox 340 1594 471 1629; x_wconf 86' lang='lat' dir='ltr'>danda</span> <span class='ocrx_word' id='word_1_118' title='bbox 507 1594 557 1629; x_wconf 88' lang='lat' dir='ltr'>sit</span> <span class='ocrx_word' id='word_1_119' title='bbox 594 1603 714 1629; x_wconf 89' lang='lat' dir='ltr'>necne</span> <span class='ocrx_word' id='word_1_120' title='bbox 752 1598 791 1628; x_wconf 89' lang='lat' dir='ltr'>et</span> <span class='ocrx_word' id='word_1_121' title='bbox 826 1593 887 1627; x_wconf 89' lang='lat' dir='ltr'>cui</span> <span class='ocrx_word' id='word_1_122' title='bbox 924 1592 1055 1628; x_wconf 90' lang='lat' dir='ltr'>danda</span> 
     </span>
     <span class='ocr_line' id='line_1_26' title="bbox 341 1652 702 1696; baseline -0.003 -9"><span class='ocrx_word' id='word_1_123' title='bbox 341 1653 404 1696; x_wconf 85' lang='lat' dir='ltr'>sit-;</span> <span class='ocrx_word' id='word_1_124' title='bbox 443 1652 489 1693; x_wconf 76' lang='lat' dir='ltr'>ct.</span> <span class='ocrx_word' id='word_1_125' title='bbox 526 1661 585 1696; x_wconf 89' lang='lat' dir='ltr'>ep.</span> <span class='ocrx_word' id='word_1_126' title='bbox 623 1652 702 1686; x_wconf 89' lang='lat'>255.</span> 
     </span>
    </p>

    <p class='ocr_par' dir='ltr' id='par_1_7' title="bbox 294 1707 1056 1928">
     <span class='ocr_line' id='line_1_27' title="bbox 294 1707 1054 1754; baseline -0.001 -11"><span class='ocrx_word' id='word_1_127' title='bbox 294 1709 535 1746; x_wconf 82' lang='lat' dir='ltr'>Berzelli</span> <span class='ocrx_word' id='word_1_128' title='bbox 575 1709 800 1745; x_wconf 84' lang='lat' dir='ltr'>Galaadites</span> <span class='ocrx_word' id='word_1_129' title='bbox 841 1708 942 1754; x_wconf 87' lang='lat' dir='ltr'>regis</span> <span class='ocrx_word' id='word_1_130' title='bbox 980 1707 1054 1742; x_wconf 90' lang='lat' dir='ltr'>Da-</span> 
     </span>
     <span class='ocr_line' id='line_1_28' title="bbox 339 1766 1056 1811; baseline -0.003 -9"><span class='ocrx_word' id='word_1_131' title='bbox 339 1768 405 1803; x_wconf 89' lang='lat' dir='ltr'>vid</span> <span class='ocrx_word' id='word_1_132' title='bbox 457 1767 643 1803; x_wconf 88' lang='lat' dir='ltr'>beneficia</span> <span class='ocrx_word' id='word_1_133' title='bbox 694 1766 822 1802; x_wconf 87' lang='lat' dir='ltr'>iuveni</span> <span class='ocrx_word' id='word_1_134' title='bbox 874 1766 1056 1811; x_wconf 86' lang='lat' dir='ltr'>delegans</span> 
     </span>
     <span class='ocr_line' id='line_1_29' title="bbox 340 1824 1053 1861; baseline -0.001 -1"><span class='ocrx_word' id='word_1_135' title='bbox 340 1825 416 1861; x_wconf 82' lang='lat' dir='ltr'>filio</span> <span class='ocrx_word' id='word_1_136' title='bbox 462 1826 634 1861; x_wconf 81' lang='lat' dir='ltr'>ostendit</span> <span class='ocrx_word' id='word_1_137' title='bbox 676 1829 913 1860; x_wconf 87' lang='lat' dir='ltr'>senectutem</span> <span class='ocrx_word' id='word_1_138' title='bbox 959 1824 1053 1859; x_wconf 85' lang='lat' dir='ltr'>haec</span> 
     </span>
     <span class='ocr_line' id='line_1_30' title="bbox 340 1882 1052 1928; baseline -0.003 -9"><span class='ocrx_word' id='word_1_139' title='bbox 340 1888 523 1928; x_wconf 84' lang='lat' dir='ltr'>appetere</span> <span class='ocrx_word' id='word_1_140' title='bbox 553 1894 631 1919; x_wconf 92' lang='lat' dir='ltr'>non</span> <span class='ocrx_word' id='word_1_141' title='bbox 659 1883 797 1919; x_wconf 90' lang='lat' dir='ltr'>debere</span> <span class='ocrx_word' id='word_1_142' title='bbox 826 1882 862 1917; x_wconf 91' lang='lat' dir='ltr'>II</span> <span class='ocrx_word' id='word_1_143' title='bbox 889 1882 969 1927; x_wconf 88' lang='lat'>258,</span> <span class='ocrx_word' id='word_1_144' title='bbox 998 1882 1052 1917; x_wconf 90' lang='lat'>12.</span> 
     </span>
    </p>

    <p class='ocr_par' dir='ltr' id='par_1_8' title="bbox 293 1941 1054 2045">
     <span class='ocr_line' id='line_1_31' title="bbox 293 1941 1054 1978; baseline 0 -3"><span class='ocrx_word' id='word_1_145' title='bbox 293 1942 320 1976; x_wconf 90' lang='lat' dir='ltr'>B</span> <span class='ocrx_word' id='word_1_146' title='bbox 337 1952 388 1978; x_wconf 90' lang='lat' dir='ltr'>es</span> <span class='ocrx_word' id='word_1_147' title='bbox 404 1941 484 1978; x_wconf 90' lang='lat' dir='ltr'>ele</span> <span class='ocrx_word' id='word_1_148' title='bbox 500 1942 584 1977; x_wconf 91' lang='lat' dir='ltr'>hel</span> <span class='ocrx_word' id='word_1_149' title='bbox 610 1941 821 1977; x_wconf 84' lang='lat' dir='ltr'>fabricatus</span> <span class='ocrx_word' id='word_1_150' title='bbox 846 1945 905 1976; x_wconf 88' lang='lat' dir='ltr'>est</span> <span class='ocrx_word' id='word_1_151' title='bbox 929 1941 1054 1976; x_wconf 87' lang='lat' dir='ltr'>taber-</span> 
     </span>
     <span class='ocr_line' id='line_1_32' title="bbox 339 1999 779 2045; baseline 0 -11"><span class='ocrx_word' id='word_1_152' title='bbox 339 2000 517 2035; x_wconf 85' lang='lat' dir='ltr'>naculum</span> <span class='ocrx_word' id='word_1_153' title='bbox 550 1999 605 2034; x_wconf 93' lang='lat' dir='ltr'>III</span> <span class='ocrx_word' id='word_1_154' title='bbox 636 1999 716 2045; x_wconf 87' lang='lat'>497,</span> <span class='ocrx_word' id='word_1_155' title='bbox 747 2000 779 2034; x_wconf 89' lang='lat'>3.</span> 
     </span>
    </p>

    <p class='ocr_par' dir='ltr' id='par_1_9' title="bbox 292 2056 1055 2392">
     <span class='ocr_line' id='line_1_33' title="bbox 292 2056 1053 2101; baseline -0.001 -10"><span class='ocrx_word' id='word_1_156' title='bbox 292 2057 570 2093; x_wconf 87' lang='lat' dir='ltr'>Bethleem</span> <span class='ocrx_word' id='word_1_157' title='bbox 612 2057 791 2101; x_wconf 83' lang='lat' dir='ltr'>Iudaeae,</span> <span class='ocrx_word' id='word_1_158' title='bbox 831 2056 895 2092; x_wconf 90' lang='lat' dir='ltr'>ubi</span> <span class='ocrx_word' id='word_1_159' title='bbox 933 2056 1053 2091; x_wconf 92' lang='lat' dir='ltr'>domi-</span> 
     </span>
     <span class='ocr_line' id='line_1_34' title="bbox 340 2114 1051 2159; baseline -0.004 -9"><span class='ocrx_word' id='word_1_160' title='bbox 340 2127 411 2151; x_wconf 88' lang='lat' dir='ltr'>nus</span> <span class='ocrx_word' id='word_1_161' title='bbox 451 2116 592 2151; x_wconf 89' lang='lat' dir='ltr'>dicitur</span> <span class='ocrx_word' id='word_1_162' title='bbox 630 2119 746 2150; x_wconf 83' lang='lat' dir='ltr'>natus</span> <span class='ocrx_word' id='word_1_163' title='bbox 785 2115 836 2149; x_wconf 90' lang='lat' dir='ltr'>IV</span> <span class='ocrx_word' id='word_1_164' title='bbox 879 2114 956 2159; x_wconf 91' lang='lat'>111,</span> <span class='ocrx_word' id='word_1_165' title='bbox 998 2114 1051 2148; x_wconf 93' lang='lat'>10.</span> 
     </span>
     <span class='ocr_line' id='line_1_35' title="bbox 338 2172 1052 2218; baseline -0.004 -9"><span class='ocrx_word' id='word_1_166' title='bbox 338 2183 397 2217; x_wconf 88' lang='lat' dir='ltr'>ep.</span> <span class='ocrx_word' id='word_1_167' title='bbox 435 2174 502 2208; x_wconf 87' lang='lat'>202</span> <span class='ocrx_word' id='word_1_168' title='bbox 537 2172 796 2218; x_wconf 79' lang='lat' dir='ltr'>Hieronymus</span> <span class='ocrx_word' id='word_1_169' title='bbox 833 2173 880 2208; x_wconf 89' lang='lat' dir='ltr'>de</span> <span class='ocrx_word' id='word_1_170' title='bbox 917 2176 1052 2207; x_wconf 88' lang='lat' dir='ltr'>sancta</span> 
     </span>
     <span class='ocr_line' id='line_1_36' title="bbox 338 2230 1051 2275; baseline -0.001 -10"><span class='ocrx_word' id='word_1_171' title='bbox 338 2231 533 2267; x_wconf 86' lang='lat' dir='ltr'>Bethleem</span> <span class='ocrx_word' id='word_1_172' title='bbox 612 2234 747 2266; x_wconf 88' lang='lat' dir='ltr'>sancto</span> <span class='ocrx_word' id='word_1_173' title='bbox 824 2230 1051 2275; x_wconf 88' lang='lat' dir='ltr'>presbytero</span> 
     </span>
     <span class='ocr_line' id='line_1_37' title="bbox 337 2287 1055 2333; baseline -0.003 -10"><span class='ocrx_word' id='word_1_174' title='bbox 337 2289 561 2324; x_wconf 82' lang='lat' dir='ltr'>Innocentio</span> <span class='ocrx_word' id='word_1_175' title='bbox 597 2288 756 2324; x_wconf 84' lang='lat' dir='ltr'>tradidit</span> <span class='ocrx_word' id='word_1_176' title='bbox 790 2287 1055 2333; x_wconf 85' lang='lat' dir='ltr'>perferendam</span> 
     </span>
     <span class='ocr_line' id='line_1_38' title="bbox 338 2346 554 2392; baseline 0.005 -11"><span class='ocrx_word' id='word_1_177' title='bbox 338 2346 390 2381; x_wconf 93' lang='lat' dir='ltr'>IV</span> <span class='ocrx_word' id='word_1_178' title='bbox 416 2347 495 2392; x_wconf 86' lang='lat'>301,</span> <span class='ocrx_word' id='word_1_179' title='bbox 522 2347 554 2382; x_wconf 87' lang='lat'>8.</span> 
     </span>
    </p>

    <p class='ocr_par' dir='ltr' id='par_1_10' title="bbox 291 2403 1051 2564">
     <span class='ocr_line' id='line_1_39' title="bbox 291 2403 1051 2448; baseline 0 -10"><span class='ocrx_word' id='word_1_180' title='bbox 291 2405 694 2448; x_wconf 84' lang='lat' dir='ltr'>blasphemare:</span> <span class='ocrx_word' id='word_1_181' title='bbox 725 2403 898 2439; x_wconf 91' lang='lat' dir='ltr'>homines</span> <span class='ocrx_word' id='word_1_182' title='bbox 927 2403 1051 2447; x_wconf 93' lang='lat' dir='ltr'>ipsum</span> 
     </span>
     <span class='ocr_line' id='line_1_40' title="bbox 337 2461 1051 2505; baseline -0.004 -8"><span class='ocrx_word' id='word_1_183' title='bbox 337 2463 450 2498; x_wconf 86' lang='lat' dir='ltr'>deum</span> <span class='ocrx_word' id='word_1_184' title='bbox 490 2462 632 2498; x_wconf 89' lang='lat' dir='ltr'>cotidie</span> <span class='ocrx_word' id='word_1_185' title='bbox 668 2461 935 2505; x_wconf 84' lang='lat' dir='ltr'>blasphemare</span> <span class='ocrx_word' id='word_1_186' title='bbox 975 2471 1051 2496; x_wconf 92' lang='lat' dir='ltr'>non</span> 
     </span>
     <span class='ocr_line' id='line_1_41' title="bbox 338 2520 743 2564; baseline 0 -10"><span class='ocrx_word' id='word_1_187' title='bbox 338 2525 493 2556; x_wconf 87' lang='lat' dir='ltr'>cessant</span> <span class='ocrx_word' id='word_1_188' title='bbox 520 2520 555 2554; x_wconf 91' lang='lat' dir='ltr'>II</span> <span class='ocrx_word' id='word_1_189' title='bbox 581 2520 661 2564; x_wconf 90' lang='lat'>329,</span> <span class='ocrx_word' id='word_1_190' title='bbox 690 2520 743 2555; x_wconf 90' lang='lat'>15.</span> 
     </span>
    </p>

    <p class='ocr_par' dir='ltr' id='par_1_11' title="bbox 293 2578 1055 2624">
     <span class='ocr_line' id='line_1_42' title="bbox 293 2578 1055 2624; baseline 0.003 -13"><span class='ocrx_word' id='word_1_191' title='bbox 293 2578 614 2614; x_wconf 79' lang='lat' dir='ltr'>Bonifatius</span> <span class='ocrx_word' id='word_1_192' title='bbox 661 2589 760 2624; x_wconf 87' lang='lat' dir='ltr'>papa</span> <span class='ocrx_word' id='word_1_193' title='bbox 807 2589 920 2623; x_wconf 88' lang='lat' dir='ltr'>quam</span> <span class='ocrx_word' id='word_1_194' title='bbox 968 2588 1055 2613; x_wconf 88' lang='lat' dir='ltr'>cau-</span> 
     </span>
    </p>
   </div>
   <div class='ocr_carea' id='block_1_3' title="bbox 1069 449 1079 2173">
    <p class='ocr_par' dir='ltr' id='par_1_12' title="bbox 1069 449 1079 2173">
     <span class='ocr_line' id='line_1_43' title="bbox 1069 449 1079 2173; baseline 0 0"><span class='ocrx_word' id='word_1_195' title='bbox 1069 449 1079 2173; x_wconf 95' lang='lat' dir='ltr'> </span> 
     </span>
    </p>
   </div>
   <div class='ocr_carea' id='block_1_4' title="bbox 974 141 1188 179">
    <p class='ocr_par' dir='ltr' id='par_1_13' title="bbox 974 141 1188 179">
     <span class='ocr_line' id='line_1_44' title="bbox 974 141 1188 179; baseline 0.009 -2"><span class='ocrx_word' id='word_1_196' title='bbox 974 143 1116 179; x_wconf 71' lang='lat' dir='ltr'>ltidex</span> <span class='ocrx_word' id='word_1_197' title='bbox 1144 141 1188 179; x_wconf 81' lang='lat' dir='ltr'>V.</span> 
     </span>
    </p>
   </div>
   <div class='ocr_carea' id='block_1_5' title="bbox 1094 257 1857 2621">
    <p class='ocr_par' dir='ltr' id='par_1_14' title="bbox 1097 257 1857 815">
     <span class='ocr_line' id='line_1_45' title="bbox 1097 257 1857 304; baseline 0.005 -12"><span class='ocrx_word' id='word_1_198' title='bbox 1097 257 1437 304; x_wconf 84' lang='lat' dir='ltr'>Bonifatius,</span> <span class='ocrx_word' id='word_1_199' title='bbox 1490 258 1696 304; x_wconf 82' lang='lat' dir='ltr'>episeopus</span> <span class='ocrx_word' id='word_1_200' title='bbox 1745 259 1857 295; x_wconf 88' lang='lat' dir='ltr'>Cata-</span> 
     </span>
     <span class='ocr_line' id='line_1_46' title="bbox 1145 316 1856 363; baseline 0.004 -13"><span class='ocrx_word' id='word_1_201' title='bbox 1145 316 1312 362; x_wconf 85' lang='lat' dir='ltr'>quensis,</span> <span class='ocrx_word' id='word_1_202' title='bbox 1350 317 1461 352; x_wconf 85' lang='lat' dir='ltr'>Pauli</span> <span class='ocrx_word' id='word_1_203' title='bbox 1500 327 1709 363; x_wconf 87' lang='lat' dir='ltr'>successor,</span> <span class='ocrx_word' id='word_1_204' title='bbox 1748 318 1856 353; x_wconf 87' lang='lat' dir='ltr'>cuius</span> 
     </span>
     <span class='ocr_line' id='line_1_47' title="bbox 1144 375 1856 421; baseline 0.004 -13"><span class='ocrx_word' id='word_1_205' title='bbox 1144 384 1300 409; x_wconf 82' lang='lat' dir='ltr'>causam</span> <span class='ocrx_word' id='word_1_206' title='bbox 1325 375 1369 409; x_wconf 88' lang='lat' dir='ltr'>A.</span> <span class='ocrx_word' id='word_1_207' title='bbox 1396 385 1455 420; x_wconf 91' lang='lat' dir='ltr'>ep.</span> <span class='ocrx_word' id='word_1_208' title='bbox 1482 376 1527 411; x_wconf 90' lang='lat'>96</span> <span class='ocrx_word' id='word_1_209' title='bbox 1553 375 1731 421; x_wconf 72' lang='lat' dir='ltr'>Olympio</span> <span class='ocrx_word' id='word_1_210' title='bbox 1757 386 1856 411; x_wconf 87' lang='lat' dir='ltr'>com-</span> 
     </span>
     <span class='ocr_line' id='line_1_48' title="bbox 1144 432 1855 479; baseline 0.003 -13"><span class='ocrx_word' id='word_1_211' title='bbox 1144 432 1344 467; x_wconf 88' lang='lat' dir='ltr'>mendavit</span> <span class='ocrx_word' id='word_1_212' title='bbox 1386 432 1421 466; x_wconf 93' lang='lat' dir='ltr'>II</span> <span class='ocrx_word' id='word_1_213' title='bbox 1462 434 1541 479; x_wconf 86' lang='lat'>514,</span> <span class='ocrx_word' id='word_1_214' title='bbox 1583 434 1637 469; x_wconf 89' lang='lat'>20.</span> <span class='ocrx_word' id='word_1_215' title='bbox 1681 434 1759 479; x_wconf 67' lang='lat'>515,</span> <span class='ocrx_word' id='word_1_216' title='bbox 1802 434 1855 468; x_wconf 85' lang='lat'>13.</span> 
     </span>
     <span class='ocr_line' id='line_1_49' title="bbox 1144 490 1854 537; baseline 0.004 -13"><span class='ocrx_word' id='word_1_217' title='bbox 1144 490 1244 525; x_wconf 90' lang='lat' dir='ltr'>idem</span> <span class='ocrx_word' id='word_1_218' title='bbox 1288 490 1405 526; x_wconf 82' lang='lat' dir='ltr'>fuisse</span> <span class='ocrx_word' id='word_1_219' title='bbox 1447 491 1613 536; x_wconf 85' lang='lat' dir='ltr'>videtur,</span> <span class='ocrx_word' id='word_1_220' title='bbox 1653 492 1702 527; x_wconf 87' lang='lat' dir='ltr'>ad</span> <span class='ocrx_word' id='word_1_221' title='bbox 1742 502 1854 537; x_wconf 88' lang='lat' dir='ltr'>quem</span> 
     </span>
     <span class='ocr_line' id='line_1_50' title="bbox 1144 548 1854 596; baseline 0.003 -14"><span class='ocrx_word' id='word_1_222' title='bbox 1144 548 1186 583; x_wconf 93' lang='lat' dir='ltr'>A.</span> <span class='ocrx_word' id='word_1_223' title='bbox 1215 558 1273 592; x_wconf 88' lang='lat' dir='ltr'>ep.</span> <span class='ocrx_word' id='word_1_224' title='bbox 1303 548 1347 583; x_wconf 89' lang='lat'>98</span> <span class='ocrx_word' id='word_1_225' title='bbox 1375 549 1494 595; x_wconf 87' lang='lat' dir='ltr'>dedit,</span> <span class='ocrx_word' id='word_1_226' title='bbox 1523 554 1725 596; x_wconf 88' lang='lat' dir='ltr'>utrumque</span> <span class='ocrx_word' id='word_1_227' title='bbox 1753 550 1854 585; x_wconf 91' lang='lat' dir='ltr'>enim</span> 
     </span>
     <span class='ocr_line' id='line_1_51' title="bbox 1143 606 1857 643; baseline 0.004 -3"><span class='ocrx_word' id='word_1_228' title='bbox 1143 606 1197 640; x_wconf 82' lang='lat' dir='ltr'>ait.</span> <span class='ocrx_word' id='word_1_229' title='bbox 1235 606 1412 642; x_wconf 87' lang='lat' dir='ltr'>veritatis</span> <span class='ocrx_word' id='word_1_230' title='bbox 1451 607 1757 643; x_wconf 89' lang='lat' dir='ltr'>amantissimum</span> <span class='ocrx_word' id='word_1_231' title='bbox 1793 618 1857 643; x_wconf 84' lang='lat' dir='ltr'>ve-</span> 
     </span>
     <span class='ocr_line' id='line_1_52' title="bbox 1143 663 1855 711; baseline 0.004 -14"><span class='ocrx_word' id='word_1_232' title='bbox 1143 663 1339 700; x_wconf 87' lang='lat' dir='ltr'>hementer</span> <span class='ocrx_word' id='word_1_233' title='bbox 1365 664 1516 700; x_wconf 88' lang='lat' dir='ltr'>cavisse</span> <span class='ocrx_word' id='word_1_234' title='bbox 1540 665 1714 702; x_wconf 85' lang='lat' dir='ltr'>fraudem</span> <span class='ocrx_word' id='word_1_235' title='bbox 1739 669 1855 711; x_wconf 88' lang='lat' dir='ltr'>atque</span> 
     </span>
     <span class='ocr_line' id='line_1_53' title="bbox 1141 721 1855 768; baseline 0.003 -12"><span class='ocrx_word' id='word_1_236' title='bbox 1141 722 1384 758; x_wconf 86' lang='lat' dir='ltr'>mendacium</span> <span class='ocrx_word' id='word_1_237' title='bbox 1418 721 1453 756; x_wconf 89' lang='lat'>11</span> <span class='ocrx_word' id='word_1_238' title='bbox 1485 723 1563 767; x_wconf 91' lang='lat'>515,</span> <span class='ocrx_word' id='word_1_239' title='bbox 1598 723 1745 758; x_wconf 87' lang='lat'>14—20.</span> <span class='ocrx_word' id='word_1_240' title='bbox 1776 723 1855 768; x_wconf 88' lang='lat'>528,</span> 
     </span>
     <span class='ocr_line' id='line_1_54' title="bbox 1143 779 1197 815; baseline 0.019 -1"><span class='ocrx_word' id='word_1_241' title='bbox 1143 779 1197 815; x_wconf 92' lang='lat'>10.</span> 
     </span>
    </p>

    <p class='ocr_par' dir='ltr' id='par_1_15' title="bbox 1095 837 1855 1347">
     <span class='ocr_line' id='line_1_55' title="bbox 1095 837 1855 883; baseline 0.004 -12"><span class='ocrx_word' id='word_1_242' title='bbox 1095 837 1418 874; x_wconf 78' lang='lat' dir='ltr'>Bonifatius</span> <span class='ocrx_word' id='word_1_243' title='bbox 1442 838 1648 883; x_wconf 86' lang='lat' dir='ltr'>episcopus</span> <span class='ocrx_word' id='word_1_244' title='bbox 1672 849 1757 874; x_wconf 91' lang='lat' dir='ltr'>cum</span> <span class='ocrx_word' id='word_1_245' title='bbox 1779 849 1855 874; x_wconf 89' lang='lat' dir='ltr'>una</span> 
     </span>
     <span class='ocr_line' id='line_1_56' title="bbox 1141 895 1854 942; baseline 0.001 -12"><span class='ocrx_word' id='word_1_246' title='bbox 1141 901 1243 932; x_wconf 86' lang='lat' dir='ltr'>esset</span> <span class='ocrx_word' id='word_1_247' title='bbox 1273 906 1358 932; x_wconf 89' lang='lat' dir='ltr'>cum</span> <span class='ocrx_word' id='word_1_248' title='bbox 1390 895 1624 942; x_wconf 85' lang='lat' dir='ltr'>Marcellino,</span> <span class='ocrx_word' id='word_1_249' title='bbox 1653 897 1724 932; x_wconf 85' lang='lat' dir='ltr'>hoc</span> <span class='ocrx_word' id='word_1_250' title='bbox 1754 897 1854 933; x_wconf 88' lang='lat' dir='ltr'>idem</span> 
     </span>
     <span class='ocr_line' id='line_1_57' title="bbox 1141 954 1854 999; baseline 0 -9"><span class='ocrx_word' id='word_1_251' title='bbox 1141 965 1226 990; x_wconf 89' lang='lat' dir='ltr'>esse</span> <span class='ocrx_word' id='word_1_252' title='bbox 1259 954 1355 990; x_wconf 89' lang='lat' dir='ltr'>dicit</span> <span class='ocrx_word' id='word_1_253' title='bbox 1390 954 1445 999; x_wconf 94' lang='lat' dir='ltr'>A.,</span> <span class='ocrx_word' id='word_1_254' title='bbox 1481 964 1525 989; x_wconf 85' lang='lat' dir='ltr'>ac</span> <span class='ocrx_word' id='word_1_255' title='bbox 1563 955 1595 989; x_wconf 87' lang='lat' dir='ltr'>si</span> <span class='ocrx_word' id='word_1_256' title='bbox 1632 954 1714 998; x_wconf 88' lang='lat' dir='ltr'>ipse</span> <span class='ocrx_word' id='word_1_257' title='bbox 1752 958 1854 990; x_wconf 88' lang='lat' dir='ltr'>esset</span> 
     </span>
     <span class='ocr_line' id='line_1_58' title="bbox 1141 1012 1854 1057; baseline 0 -11"><span class='ocrx_word' id='word_1_258' title='bbox 1141 1021 1326 1055; x_wconf 86' lang='lat' dir='ltr'>praesens</span> <span class='ocrx_word' id='word_1_259' title='bbox 1358 1012 1413 1047; x_wconf 92' lang='lat' dir='ltr'>III</span> <span class='ocrx_word' id='word_1_260' title='bbox 1446 1013 1522 1057; x_wconf 90' lang='lat'>150,</span> <span class='ocrx_word' id='word_1_261' title='bbox 1556 1012 1609 1047; x_wconf 88' lang='lat'>14.</span> <span class='ocrx_word' id='word_1_262' title='bbox 1643 1012 1854 1048; x_wconf 87' lang='lat' dir='ltr'>Marcellini</span> 
     </span>
     <span class='ocr_line' id='line_1_59' title="bbox 1141 1070 1855 1115; baseline 0.001 -11"><span class='ocrx_word' id='word_1_263' title='bbox 1141 1080 1201 1114; x_wconf 93' lang='lat' dir='ltr'>ep.</span> <span class='ocrx_word' id='word_1_264' title='bbox 1239 1070 1283 1105; x_wconf 90' lang='lat' dir='ltr'>A.</span> <span class='ocrx_word' id='word_1_265' title='bbox 1321 1070 1492 1106; x_wconf 84' lang='lat' dir='ltr'>reddidit</span> <span class='ocrx_word' id='word_1_266' title='bbox 1527 1070 1582 1104; x_wconf 94' lang='lat' dir='ltr'>III</span> <span class='ocrx_word' id='word_1_267' title='bbox 1619 1070 1698 1115; x_wconf 88' lang='lat'>250,</span> <span class='ocrx_word' id='word_1_268' title='bbox 1737 1070 1780 1105; x_wconf 93' lang='lat'>12</span> <span class='ocrx_word' id='word_1_269' title='bbox 1817 1074 1855 1105; x_wconf 90' lang='lat' dir='ltr'>et</span> 
     </span>
     <span class='ocr_line' id='line_1_60' title="bbox 1141 1127 1854 1173; baseline 0.003 -11"><span class='ocrx_word' id='word_1_270' title='bbox 1141 1127 1185 1162; x_wconf 87' lang='lat' dir='ltr'>A.</span> <span class='ocrx_word' id='word_1_271' title='bbox 1209 1128 1359 1164; x_wconf 85' lang='lat' dir='ltr'>litteras</span> <span class='ocrx_word' id='word_1_272' title='bbox 1386 1128 1612 1164; x_wconf 88' lang='lat' dir='ltr'>Macedonio</span> <span class='ocrx_word' id='word_1_273' title='bbox 1637 1128 1691 1163; x_wconf 92' lang='lat' dir='ltr'>III</span> <span class='ocrx_word' id='word_1_274' title='bbox 1717 1129 1796 1173; x_wconf 88' lang='lat'>393,</span> <span class='ocrx_word' id='word_1_275' title='bbox 1821 1129 1854 1163; x_wconf 92' lang='lat'>4.</span> 
     </span>
     <span class='ocr_line' id='line_1_61' title="bbox 1140 1186 1854 1232; baseline 0.001 -12"><span class='ocrx_word' id='word_1_276' title='bbox 1140 1187 1244 1230; x_wconf 86' lang='lat' dir='ltr'>apud</span> <span class='ocrx_word' id='word_1_277' title='bbox 1287 1197 1373 1222; x_wconf 91' lang='lat' dir='ltr'>eum</span> <span class='ocrx_word' id='word_1_278' title='bbox 1417 1191 1500 1222; x_wconf 84' lang='lat' dir='ltr'>erat</span> <span class='ocrx_word' id='word_1_279' title='bbox 1545 1186 1599 1232; x_wconf 87' lang='lat' dir='ltr'>A.,</span> <span class='ocrx_word' id='word_1_280' title='bbox 1642 1197 1727 1222; x_wconf 87' lang='lat' dir='ltr'>cum</span> <span class='ocrx_word' id='word_1_281' title='bbox 1770 1187 1854 1231; x_wconf 90' lang='lat' dir='ltr'>ipso</span> 
     </span>
     <span class='ocr_line' id='line_1_62' title="bbox 1139 1244 1854 1288; baseline 0.001 -10"><span class='ocrx_word' id='word_1_282' title='bbox 1139 1244 1298 1280; x_wconf 89' lang='lat' dir='ltr'>absente</span> <span class='ocrx_word' id='word_1_283' title='bbox 1335 1244 1489 1279; x_wconf 90' lang='lat' dir='ltr'>Paulini</span> <span class='ocrx_word' id='word_1_284' title='bbox 1521 1244 1674 1280; x_wconf 88' lang='lat' dir='ltr'>litterae</span> <span class='ocrx_word' id='word_1_285' title='bbox 1710 1244 1854 1288; x_wconf 90' lang='lat' dir='ltr'>Hippo-</span> 
     </span>
     <span class='ocr_line' id='line_1_63' title="bbox 1140 1302 1853 1347; baseline 0 -10"><span class='ocrx_word' id='word_1_286' title='bbox 1140 1312 1227 1337; x_wconf 90' lang='lat' dir='ltr'>nem</span> <span class='ocrx_word' id='word_1_287' title='bbox 1263 1307 1354 1338; x_wconf 88' lang='lat' dir='ltr'>sunt</span> <span class='ocrx_word' id='word_1_288' title='bbox 1387 1302 1560 1347; x_wconf 81' lang='lat' dir='ltr'>perlatae</span> <span class='ocrx_word' id='word_1_289' title='bbox 1596 1302 1651 1336; x_wconf 95' lang='lat' dir='ltr'>III</span> <span class='ocrx_word' id='word_1_290' title='bbox 1684 1303 1764 1347; x_wconf 86' lang='lat'>349,</span> <span class='ocrx_word' id='word_1_291' title='bbox 1801 1303 1853 1337; x_wconf 90' lang='lat'>19.</span> 
     </span>
    </p>

    <p class='ocr_par' dir='ltr' id='par_1_16' title="bbox 1094 1359 1854 2621">
     <span class='ocr_line' id='line_1_64' title="bbox 1094 1359 1854 1406; baseline 0 -12"><span class='ocrx_word' id='word_1_292' title='bbox 1094 1359 1417 1396; x_wconf 86' lang='lat' dir='ltr'>Bonifatius</span> <span class='ocrx_word' id='word_1_293' title='bbox 1448 1361 1653 1406; x_wconf 88' lang='lat' dir='ltr'>presbyter</span> <span class='ocrx_word' id='word_1_294' title='bbox 1686 1365 1724 1397; x_wconf 85' lang='lat' dir='ltr'>et</span> <span class='ocrx_word' id='word_1_295' title='bbox 1758 1359 1854 1404; x_wconf 84' lang='lat' dir='ltr'>Spes</span> 
     </span>
     <span class='ocr_line' id='line_1_65' title="bbox 1140 1418 1854 1465; baseline -0.001 -11"><span class='ocrx_word' id='word_1_296' title='bbox 1140 1419 1350 1454; x_wconf 87' lang='lat' dir='ltr'>monachus</span> <span class='ocrx_word' id='word_1_297' title='bbox 1379 1423 1540 1465; x_wconf 91' lang='lat' dir='ltr'>uterque</span> <span class='ocrx_word' id='word_1_298' title='bbox 1569 1418 1617 1455; x_wconf 89' lang='lat' dir='ltr'>de</span> <span class='ocrx_word' id='word_1_299' title='bbox 1646 1418 1854 1464; x_wconf 85' lang='lat' dir='ltr'>Augustini</span> 
     </span>
     <span class='ocr_line' id='line_1_66' title="bbox 1141 1476 1854 1522; baseline 0 -12"><span class='ocrx_word' id='word_1_300' title='bbox 1141 1477 1376 1512; x_wconf 90' lang='lat' dir='ltr'>monasterio</span> <span class='ocrx_word' id='word_1_301' title='bbox 1401 1476 1452 1520; x_wconf 95' lang='lat' dir='ltr'>(II</span> <span class='ocrx_word' id='word_1_302' title='bbox 1476 1477 1554 1521; x_wconf 88' lang='lat'>333,</span> <span class='ocrx_word' id='word_1_303' title='bbox 1579 1477 1615 1522; x_wconf 89' lang='lat'>8)</span> <span class='ocrx_word' id='word_1_304' title='bbox 1641 1476 1739 1512; x_wconf 87' lang='lat' dir='ltr'>alter</span> <span class='ocrx_word' id='word_1_305' title='bbox 1761 1476 1854 1511; x_wconf 88' lang='lat' dir='ltr'>alte-</span> 
     </span>
     <span class='ocr_line' id='line_1_67' title="bbox 1141 1531 1853 1579; baseline 0 -11"><span class='ocrx_word' id='word_1_306' title='bbox 1141 1535 1219 1569; x_wconf 88' lang='lat' dir='ltr'>rius</span> <span class='ocrx_word' id='word_1_307' title='bbox 1260 1531 1528 1579; x_wconf 82' lang='lat' dir='ltr'>inpudicitiam</span> <span class='ocrx_word' id='word_1_308' title='bbox 1567 1534 1853 1575; x_wconf 89' lang='lat' dir='ltr'>criminabatur,</span> 
     </span>
     <span class='ocr_line' id='line_1_68' title="bbox 1139 1592 1853 1638; baseline -0.001 -11"><span class='ocrx_word' id='word_1_309' title='bbox 1139 1604 1254 1638; x_wconf 85' lang='lat' dir='ltr'>quam</span> <span class='ocrx_word' id='word_1_310' title='bbox 1277 1603 1433 1628; x_wconf 84' lang='lat' dir='ltr'>causam</span> <span class='ocrx_word' id='word_1_311' title='bbox 1459 1593 1503 1628; x_wconf 82' lang='lat' dir='ltr'>A.</span> <span class='ocrx_word' id='word_1_312' title='bbox 1528 1592 1689 1637; x_wconf 84' lang='lat' dir='ltr'>exponit</span> <span class='ocrx_word' id='word_1_313' title='bbox 1713 1592 1853 1628; x_wconf 77' lang='lat' dir='ltr'>litteris</span> 
     </span>
     <span class='ocr_line' id='line_1_69' title="bbox 1140 1649 1852 1686; baseline -0.001 -1"><span class='ocrx_word' id='word_1_314' title='bbox 1140 1652 1183 1685; x_wconf 92' lang='lat'>77</span> <span class='ocrx_word' id='word_1_315' title='bbox 1218 1655 1257 1686; x_wconf 90' lang='lat' dir='ltr'>et</span> <span class='ocrx_word' id='word_1_316' title='bbox 1293 1651 1348 1686; x_wconf 89' lang='lat'>78.</span> <span class='ocrx_word' id='word_1_317' title='bbox 1397 1651 1633 1686; x_wconf 78' lang='lat' dir='ltr'>Bonifatium</span> <span class='ocrx_word' id='word_1_318' title='bbox 1671 1650 1710 1685; x_wconf 89' lang='lat' dir='ltr'>in</span> <span class='ocrx_word' id='word_1_319' title='bbox 1747 1649 1852 1685; x_wconf 92' lang='lat' dir='ltr'>nullo</span> 
     </span>
     <span class='ocr_line' id='line_1_70' title="bbox 1138 1707 1853 1753; baseline 0 -10"><span class='ocrx_word' id='word_1_320' title='bbox 1138 1709 1296 1745; x_wconf 89' lang='lat' dir='ltr'>crimine</span> <span class='ocrx_word' id='word_1_321' title='bbox 1355 1710 1459 1753; x_wconf 86' lang='lat' dir='ltr'>apud</span> <span class='ocrx_word' id='word_1_322' title='bbox 1517 1719 1557 1744; x_wconf 91' lang='lat' dir='ltr'>se</span> <span class='ocrx_word' id='word_1_323' title='bbox 1615 1708 1733 1744; x_wconf 80' lang='lat' dir='ltr'>fuisse</span> <span class='ocrx_word' id='word_1_324' title='bbox 1790 1707 1853 1743; x_wconf 89' lang='lat' dir='ltr'>de-</span> 
     </span>
     <span class='ocr_line' id='line_1_71' title="bbox 1138 1765 1851 1812; baseline -0.001 -11"><span class='ocrx_word' id='word_1_325' title='bbox 1138 1767 1370 1811; x_wconf 88' lang='lat' dir='ltr'>prehensum</span> <span class='ocrx_word' id='word_1_326' title='bbox 1408 1767 1504 1802; x_wconf 88' lang='lat' dir='ltr'>dicit</span> <span class='ocrx_word' id='word_1_327' title='bbox 1538 1777 1663 1812; x_wconf 89' lang='lat' dir='ltr'>neque</span> <span class='ocrx_word' id='word_1_328' title='bbox 1700 1767 1749 1802; x_wconf 85' lang='lat' dir='ltr'>de</span> <span class='ocrx_word' id='word_1_329' title='bbox 1787 1765 1851 1801; x_wconf 91' lang='lat' dir='ltr'>illo</span> 
     </span>
     <span class='ocr_line' id='line_1_72' title="bbox 1138 1824 1852 1871; baseline -0.003 -11"><span class='ocrx_word' id='word_1_330' title='bbox 1138 1825 1215 1861; x_wconf 91' lang='lat' dir='ltr'>tale</span> <span class='ocrx_word' id='word_1_331' title='bbox 1243 1825 1448 1871; x_wconf 87' lang='lat' dir='ltr'>quicquam</span> <span class='ocrx_word' id='word_1_332' title='bbox 1478 1835 1517 1861; x_wconf 91' lang='lat' dir='ltr'>se</span> <span class='ocrx_word' id='word_1_333' title='bbox 1547 1824 1757 1860; x_wconf 86' lang='lat' dir='ltr'>credidisse</span> <span class='ocrx_word' id='word_1_334' title='bbox 1785 1828 1852 1859; x_wconf 78' lang='lat' dir='ltr'>aut</span> 
     </span>
     <span class='ocr_line' id='line_1_73' title="bbox 1138 1881 1851 1927; baseline 0 -10"><span class='ocrx_word' id='word_1_335' title='bbox 1138 1884 1295 1919; x_wconf 79' lang='lat' dir='ltr'>credere</span> <span class='ocrx_word' id='word_1_336' title='bbox 1329 1883 1364 1917; x_wconf 94' lang='lat' dir='ltr'>II</span> <span class='ocrx_word' id='word_1_337' title='bbox 1396 1883 1475 1927; x_wconf 88' lang='lat'>330,</span> <span class='ocrx_word' id='word_1_338' title='bbox 1505 1883 1537 1918; x_wconf 89' lang='lat'>3.</span> <span class='ocrx_word' id='word_1_339' title='bbox 1568 1883 1648 1927; x_wconf 90' lang='lat'>333,</span> <span class='ocrx_word' id='word_1_340' title='bbox 1680 1883 1711 1917; x_wconf 94' lang='lat'>7.</span> <span class='ocrx_word' id='word_1_341' title='bbox 1755 1881 1851 1925; x_wconf 85' lang='lat' dir='ltr'>Spes</span> 
     </span>
     <span class='ocr_line' id='line_1_74' title="bbox 1137 1939 1852 1986; baseline -0.003 -10"><span class='ocrx_word' id='word_1_342' title='bbox 1137 1941 1396 1977; x_wconf 86' lang='lat' dir='ltr'>turbulentius</span> <span class='ocrx_word' id='word_1_343' title='bbox 1431 1951 1546 1986; x_wconf 89' lang='lat' dir='ltr'>agere</span> <span class='ocrx_word' id='word_1_344' title='bbox 1582 1940 1711 1984; x_wconf 85' lang='lat' dir='ltr'>coepit</span> <span class='ocrx_word' id='word_1_345' title='bbox 1745 1939 1852 1985; x_wconf 87' lang='lat' dir='ltr'>flagi-</span> 
     </span>
     <span class='ocr_line' id='line_1_75' title="bbox 1138 1997 1850 2044; baseline -0.001 -11"><span class='ocrx_word' id='word_1_346' title='bbox 1138 2004 1237 2044; x_wconf 86' lang='lat' dir='ltr'>tans,</span> <span class='ocrx_word' id='word_1_347' title='bbox 1269 2004 1311 2034; x_wconf 89' lang='lat' dir='ltr'>ut</span> <span class='ocrx_word' id='word_1_348' title='bbox 1343 2003 1409 2034; x_wconf 88' lang='lat' dir='ltr'>aut</span> <span class='ocrx_word' id='word_1_349' title='bbox 1442 1999 1524 2042; x_wconf 89' lang='lat' dir='ltr'>ipse</span> <span class='ocrx_word' id='word_1_350' title='bbox 1557 1998 1596 2033; x_wconf 92' lang='lat' dir='ltr'>in</span> <span class='ocrx_word' id='word_1_351' title='bbox 1628 1997 1850 2033; x_wconf 86' lang='lat' dir='ltr'>clericatum</span> 
     </span>
     <span class='ocr_line' id='line_1_76' title="bbox 1137 2055 1850 2101; baseline -0.003 -10"><span class='ocrx_word' id='word_1_352' title='bbox 1137 2061 1430 2101; x_wconf 91' lang='lat' dir='ltr'>promoveretur</span> <span class='ocrx_word' id='word_1_353' title='bbox 1462 2061 1530 2091; x_wconf 90' lang='lat' dir='ltr'>aut</span> <span class='ocrx_word' id='word_1_354' title='bbox 1562 2055 1780 2091; x_wconf 83' lang='lat' dir='ltr'>Bonifatius</span> <span class='ocrx_word' id='word_1_355' title='bbox 1812 2055 1850 2089; x_wconf 89' lang='lat' dir='ltr'>in</span> 
     </span>
     <span class='ocr_line' id='line_1_77' title="bbox 1137 2113 1850 2159; baseline -0.003 -9"><span class='ocrx_word' id='word_1_356' title='bbox 1137 2125 1206 2150; x_wconf 88' lang='lat' dir='ltr'>suo</span> <span class='ocrx_word' id='word_1_357' title='bbox 1236 2115 1360 2159; x_wconf 82' lang='lat' dir='ltr'>gradu</span> <span class='ocrx_word' id='word_1_358' title='bbox 1391 2125 1474 2150; x_wconf 87' lang='lat' dir='ltr'>esse</span> <span class='ocrx_word' id='word_1_359' title='bbox 1505 2124 1582 2149; x_wconf 93' lang='lat' dir='ltr'>non</span> <span class='ocrx_word' id='word_1_360' title='bbox 1611 2113 1850 2158; x_wconf 87' lang='lat' dir='ltr'>permittere-</span> 
     </span>
     <span class='ocr_line' id='line_1_78' title="bbox 1137 2172 1849 2218; baseline -0.001 -11"><span class='ocrx_word' id='word_1_361' title='bbox 1137 2177 1210 2218; x_wconf 90' lang='lat' dir='ltr'>tur,</span> <span class='ocrx_word' id='word_1_362' title='bbox 1251 2173 1289 2208; x_wconf 90' lang='lat' dir='ltr'>id</span> <span class='ocrx_word' id='word_1_363' title='bbox 1328 2173 1431 2218; x_wconf 85' lang='lat' dir='ltr'>quod</span> <span class='ocrx_word' id='word_1_364' title='bbox 1471 2172 1515 2206; x_wconf 88' lang='lat' dir='ltr'>A.</span> <span class='ocrx_word' id='word_1_365' title='bbox 1556 2182 1633 2207; x_wconf 91' lang='lat' dir='ltr'>non</span> <span class='ocrx_word' id='word_1_366' title='bbox 1671 2181 1849 2207; x_wconf 90' lang='lat' dir='ltr'>recusare</span> 
     </span>
     <span class='ocr_line' id='line_1_79' title="bbox 1137 2228 1850 2274; baseline -0.006 -8"><span class='ocrx_word' id='word_1_367' title='bbox 1137 2241 1214 2266; x_wconf 91' lang='lat' dir='ltr'>non</span> <span class='ocrx_word' id='word_1_368' title='bbox 1254 2235 1409 2274; x_wconf 87' lang='lat' dir='ltr'>poterat</span> <span class='ocrx_word' id='word_1_369' title='bbox 1448 2230 1483 2264; x_wconf 89' lang='grc' dir='ltr'>ΙΙ</span> <span class='ocrx_word' id='word_1_370' title='bbox 1523 2230 1602 2274; x_wconf 89' lang='grc'>334,</span> <span class='ocrx_word' id='word_1_371' title='bbox 1644 2229 1697 2264; x_wconf 89' lang='grc'>15.</span> <span class='ocrx_word' id='word_1_372' title='bbox 1738 2228 1850 2263; x_wconf 89' lang='lat' dir='ltr'>Boni-</span> 
     </span>
     <span class='ocr_line' id='line_1_80' title="bbox 1137 2286 1849 2324; baseline -0.003 -1"><span class='ocrx_word' id='word_1_373' title='bbox 1137 2288 1255 2324; x_wconf 85' lang='lat' dir='ltr'>fatius</span> <span class='ocrx_word' id='word_1_374' title='bbox 1290 2288 1484 2323; x_wconf 88' lang='lat' dir='ltr'>occultato</span> <span class='ocrx_word' id='word_1_375' title='bbox 1519 2288 1663 2323; x_wconf 90' lang='lat' dir='ltr'>honore</span> <span class='ocrx_word' id='word_1_376' title='bbox 1697 2297 1765 2322; x_wconf 91' lang='lat' dir='ltr'>suo</span> <span class='ocrx_word' id='word_1_377' title='bbox 1800 2286 1849 2321; x_wconf 91' lang='lat' dir='ltr'>ad</span> 
     </span>
     <span class='ocr_line' id='line_1_81' title="bbox 1136 2342 1851 2391; baseline -0.006 -9"><span class='ocrx_word' id='word_1_378' title='bbox 1136 2346 1262 2382; x_wconf 89' lang='lat' dir='ltr'>locum</span> <span class='ocrx_word' id='word_1_379' title='bbox 1295 2351 1470 2381; x_wconf 87' lang='lat' dir='ltr'>sanctum</span> <span class='ocrx_word' id='word_1_380' title='bbox 1505 2355 1678 2391; x_wconf 86' lang='lat' dir='ltr'>pergere,</span> <span class='ocrx_word' id='word_1_381' title='bbox 1711 2348 1755 2379; x_wconf 91' lang='lat' dir='ltr'>ut</span> <span class='ocrx_word' id='word_1_382' title='bbox 1787 2342 1851 2379; x_wconf 90' lang='lat' dir='ltr'>dei</span> 
     </span>
     <span class='ocr_line' id='line_1_82' title="bbox 1137 2404 1850 2448; baseline -0.004 -9"><span class='ocrx_word' id='word_1_383' title='bbox 1137 2404 1320 2439; x_wconf 88' lang='lat' dir='ltr'>iudicium</span> <span class='ocrx_word' id='word_1_384' title='bbox 1360 2404 1578 2448; x_wconf 89' lang='lat' dir='ltr'>sustineret,</span> <span class='ocrx_word' id='word_1_385' title='bbox 1618 2406 1700 2438; x_wconf 87' lang='lat' dir='ltr'>erat</span> <span class='ocrx_word' id='word_1_386' title='bbox 1740 2412 1850 2446; x_wconf 88' lang='lat' dir='ltr'>para-</span> 
     </span>
     <span class='ocr_line' id='line_1_83' title="bbox 1136 2459 1850 2506; baseline -0.006 -9"><span class='ocrx_word' id='word_1_387' title='bbox 1136 2461 1309 2497; x_wconf 87' lang='lat' dir='ltr'>tissimus</span> <span class='ocrx_word' id='word_1_388' title='bbox 1346 2461 1382 2496; x_wconf 92' lang='lat' dir='ltr'>II</span> <span class='ocrx_word' id='word_1_389' title='bbox 1417 2462 1497 2506; x_wconf 89' lang='lat'>337,</span> <span class='ocrx_word' id='word_1_390' title='bbox 1534 2461 1556 2496; x_wconf 88' lang='lat'>9</span> <span class='ocrx_word' id='word_1_391' title='bbox 1592 2470 1715 2506; x_wconf 83' lang='lat' dir='ltr'>neque</span> <span class='ocrx_word' id='word_1_392' title='bbox 1754 2459 1850 2504; x_wconf 81' lang='lat' dir='ltr'>Spes</span> 
     </span>
     <span class='ocr_line' id='line_1_84' title="bbox 1136 2516 1850 2564; baseline -0.006 -8"><span class='ocrx_word' id='word_1_393' title='bbox 1136 2521 1340 2564; x_wconf 81' lang='lat' dir='ltr'>abnuebat,</span> <span class='ocrx_word' id='word_1_394' title='bbox 1373 2520 1428 2554; x_wconf 89' lang='lat' dir='ltr'>ita</span> <span class='ocrx_word' id='word_1_395' title='bbox 1458 2523 1500 2554; x_wconf 91' lang='lat' dir='ltr'>ut</span> <span class='ocrx_word' id='word_1_396' title='bbox 1530 2522 1690 2564; x_wconf 87' lang='lat' dir='ltr'>uterque</span> <span class='ocrx_word' id='word_1_397' title='bbox 1722 2516 1850 2553; x_wconf 89' lang='lat' dir='ltr'>itineri</span> 
     </span>
     <span class='ocr_line' id='line_1_85' title="bbox 1137 2576 1687 2621; baseline -0.004 -8"><span class='ocrx_word' id='word_1_398' title='bbox 1137 2589 1178 2614; x_wconf 91' lang='lat' dir='ltr'>se</span> <span class='ocrx_word' id='word_1_399' title='bbox 1204 2577 1461 2613; x_wconf 86' lang='lat' dir='ltr'>committeret</span> <span class='ocrx_word' id='word_1_400' title='bbox 1486 2576 1522 2611; x_wconf 91' lang='lat' dir='ltr'>II</span> <span class='ocrx_word' id='word_1_401' title='bbox 1547 2577 1627 2621; x_wconf 89' lang='lat'>330,</span> <span class='ocrx_word' id='word_1_402' title='bbox 1655 2576 1687 2611; x_wconf 88' lang='grc'>8.</span> 
     </span>
    </p>
   </div>
   <div class='ocr_carea' id='block_1_6' title="bbox 336 2627 1848 2696">
    <p class='ocr_par' dir='ltr' id='par_1_17' title="bbox 336 2627 1848 2696">
     <span class='ocr_line' id='line_1_86' title="bbox 336 2627 1848 2696; baseline 0 -26"><span class='ocrx_word' id='word_1_403' title='bbox 336 2636 480 2672; x_wconf 91' lang='lat' dir='ltr'>tionem</span> <span class='ocrx_word' id='word_1_404' title='bbox 511 2636 729 2672; x_wconf 87' lang='lat' dir='ltr'>adhibuerit</span> <span class='ocrx_word' id='word_1_405' title='bbox 761 2637 798 2671; x_wconf 89' lang='lat' dir='ltr'>in</span> <span class='ocrx_word' id='word_1_406' title='bbox 829 2647 946 2672; x_wconf 85' lang='lat' dir='ltr'>causa</span> <span class='ocrx_word' id='word_1_407' title='bbox 977 2637 1051 2671; x_wconf 85' lang='lat' dir='ltr'>An·</span> <span class='ocrx_word' id='word_1_408' title='bbox 1068 2627 1071 2696; x_wconf 71' lang='grc' dir='ltr'>Ι</span> <span class='ocrx_word' id='word_1_409' title='bbox 1090 2636 1154 2670; x_wconf 92' lang='lat' dir='ltr'>Bo</span> <span class='ocrx_word' id='word_1_410' title='bbox 1171 2646 1194 2669; x_wconf 93' lang='lat' dir='ltr'>n</span> <span class='ocrx_word' id='word_1_411' title='bbox 1210 2635 1313 2671; x_wconf 89' lang='lat' dir='ltr'>ifat</span> <span class='ocrx_word' id='word_1_412' title='bbox 1331 2636 1380 2670; x_wconf 92' lang='lat' dir='ltr'>iu</span> <span class='ocrx_word' id='word_1_413' title='bbox 1396 2646 1412 2670; x_wconf 89' lang='lat' dir='ltr'>s</span> <span class='ocrx_word' id='word_1_414' title='bbox 1477 2636 1599 2680; x_wconf 91' lang='lat' dir='ltr'>primo</span> <span class='ocrx_word' id='word_1_415' title='bbox 1631 2675 1636 2679; x_wconf 48' lang='grc'>,</span> <span class='ocrx_word' id='word_1_416' title='bbox 1662 2636 1848 2680; x_wconf 89' lang='lat' dir='ltr'>tribunus,</span> 
     </span>
    </p>
   </div>
   <div class='ocr_carea' id='block_1_7' title="bbox 337 2694 1051 2851">
    <p class='ocr_par' dir='ltr' id='par_1_18' title="bbox 337 2694 1051 2851">
     <span class='ocr_line' id='line_1_87' title="bbox 337 2694 1051 2740; baseline 0 -12"><span class='ocrx_word' id='word_1_417' title='bbox 337 2695 460 2729; x_wconf 85' lang='lat' dir='ltr'>tonini</span> <span class='ocrx_word' id='word_1_418' title='bbox 494 2694 668 2738; x_wconf 87' lang='lat' dir='ltr'>episcopi</span> <span class='ocrx_word' id='word_1_419' title='bbox 701 2694 754 2728; x_wconf 92' lang='lat' dir='ltr'>IV</span> <span class='ocrx_word' id='word_1_420' title='bbox 786 2695 865 2739; x_wconf 90' lang='lat'>351,</span> <span class='ocrx_word' id='word_1_421' title='bbox 899 2694 954 2740; x_wconf 89' lang='lat'>22,</span> <span class='ocrx_word' id='word_1_422' title='bbox 985 2705 1051 2740; x_wconf 84' lang='lat' dir='ltr'>qui</span> 
     </span>
     <span class='ocr_line' id='line_1_88' title="bbox 338 2752 1049 2796; baseline 0 -9"><span class='ocrx_word' id='word_1_423' title='bbox 338 2753 444 2787; x_wconf 85' lang='lat' dir='ltr'>velut</span> <span class='ocrx_word' id='word_1_424' title='bbox 498 2752 718 2796; x_wconf 84' lang='lat' dir='ltr'>inculpatus</span> <span class='ocrx_word' id='word_1_425' title='bbox 772 2752 807 2787; x_wconf 91' lang='lat' dir='ltr'>ei</span> <span class='ocrx_word' id='word_1_426' title='bbox 861 2762 1049 2788; x_wconf 83' lang='lat' dir='ltr'>commen-</span> 
     </span>
     <span class='ocr_line' id='line_1_89' title="bbox 338 2809 698 2851; baseline 0.003 -9"><span class='ocrx_word' id='word_1_427' title='bbox 338 2809 501 2844; x_wconf 78' lang='lat' dir='ltr'>dabatur</span> <span class='ocrx_word' id='word_1_428' title='bbox 532 2810 611 2851; x_wconf 73' lang='lat'>5350,</span> <span class='ocrx_word' id='word_1_429' title='bbox 645 2810 698 2844; x_wconf 80' lang='lat'>15.</span> 
     </span>
    </p>
   </div>
   <div class='ocr_carea' id='block_1_8' title="bbox 1068 2810 1442 2845">
    <p class='ocr_par' dir='ltr' id='par_1_19' title="bbox 1068 2810 1442 2845">
     <span class='ocr_line' id='line_1_90' title="bbox 1068 2810 1442 2845; baseline 0.005 -2"><span class='ocrx_word' id='word_1_430' title='bbox 1068 2840 1069 2843; x_wconf 75' lang='grc'>,</span> <span class='ocrx_word' id='word_1_431' title='bbox 1134 2820 1202 2845; x_wconf 81' lang='lat' dir='ltr'>nes</span> <span class='ocrx_word' id='word_1_432' title='bbox 1259 2810 1418 2845; x_wconf 77' lang='lat' dir='ltr'>barbara</span> <span class='ocrx_word' id='word_1_433' title='bbox 1426 2821 1442 2845; x_wconf 84' lang='lat' dir='ltr'>s</span> 
     </span>
    </p>
   </div>
   <div class='ocr_carea' id='block_1_9' title="bbox 1135 2693 1848 2852">
    <p class='ocr_par' dir='ltr' id='par_1_20' title="bbox 1135 2693 1848 2852">
     <span class='ocr_line' id='line_1_91' title="bbox 1135 2693 1848 2730; baseline 0 -2"><span class='ocrx_word' id='word_1_434' title='bbox 1135 2694 1275 2730; x_wconf 81' lang='lat' dir='ltr'>deinde</span> <span class='ocrx_word' id='word_1_435' title='bbox 1303 2694 1601 2730; x_wconf 82' lang='lat' dir='ltr'>domesticorum</span> <span class='ocrx_word' id='word_1_436' title='bbox 1628 2698 1667 2730; x_wconf 90' lang='lat' dir='ltr'>et</span> <span class='ocrx_word' id='word_1_437' title='bbox 1694 2693 1848 2729; x_wconf 82' lang='lat' dir='ltr'>Africae</span> 
     </span>
     <span class='ocr_line' id='line_1_92' title="bbox 1135 2752 1848 2797; baseline -0.001 -10"><span class='ocrx_word' id='word_1_438' title='bbox 1135 2762 1263 2788; x_wconf 83' lang='lat' dir='ltr'>comes</span> <span class='ocrx_word' id='word_1_439' title='bbox 1294 2752 1347 2787; x_wconf 93' lang='lat' dir='ltr'>IV</span> <span class='ocrx_word' id='word_1_440' title='bbox 1373 2752 1452 2797; x_wconf 85' lang='lat'>436,</span> <span class='ocrx_word' id='word_1_441' title='bbox 1483 2753 1537 2788; x_wconf 85' lang='lat'>13.</span> <span class='ocrx_word' id='word_1_442' title='bbox 1566 2752 1742 2788; x_wconf 88' lang='lat' dir='ltr'>tribunus</span> <span class='ocrx_word' id='word_1_443' title='bbox 1770 2761 1848 2787; x_wconf 89' lang='lat' dir='ltr'>om-</span> 
     </span>
     <span class='ocr_line' id='line_1_93' title="bbox 1503 2809 1846 2852; baseline -0.006 -8"><span class='ocrx_word' id='word_1_444' title='bbox 1503 2809 1655 2845; x_wconf 78' lang='lat' dir='ltr'>Africae</span> <span class='ocrx_word' id='word_1_445' title='bbox 1711 2814 1846 2852; x_wconf 76' lang='lat' dir='ltr'>gentes</span> 
     </span>
    </p>
   </div>
  </div>
 </body>
</html>
