2078 3054
855 117 1094 153 Praefatio.
1644 120 1731 154 xlx

220 236 401 279 tenuiter
431 240 675 288 correctum,
713 240 758 277 ut
789 248 917 291 saepe
948 235 1120 278 difficile
1152 235 1204 278 sit
1235 235 1364 288 dictu,
1396 248 1578 289 quanam
1610 249 1735 277 manu

220 305 448 342 correctum
481 300 546 342 sit.
585 299 767 353 denique
798 299 1041 341 addendum
1080 312 1232 341 censeo
1264 298 1377 341 baud
1408 313 1500 341 raro
1532 299 1588 351 id,
1626 298 1735 352 quod

220 364 261 405 in
304 363 447 406 codiee
490 363 678 405 Parisino
726 363 861 404 12193
903 363 1098 405 traditum
1141 369 1218 415 est,
1259 363 1299 404 in
1343 362 1421 405 hoe
1459 362 1604 405 codice
1636 370 1736 406 maz)

220 440 313 469 esse
343 426 615 481 adscriptum,
655 427 779 468 etiam
813 426 942 469 falsas
974 426 1185 468 lectiones.
1200 429 1230 481 ¹)

222 602 258 642 3.
303 600 495 643 CODEX
536 600 868 643 CASINENSIS
912 601 960 641 16
1000 601 1069 642 ΕΤ
1108 600 1407 642 PARISINUS
1446 599 1574 643 NOV.
1614 599 1736 649 ACQ.

926 670 1048 711 1672.

277 786 420 827 Tertia
452 786 723 840 epistularum
756 787 886 828 series
919 786 1131 828 invenitur
1153 786 1193 827 in
1217 785 1360 828 codiee
1390 786 1654 844 Casinensi
1684 785 1738 825 16

224 862 331 891 saec.
357 849 417 890 XI
451 863 584 902 eaque
617 850 722 891 haee
753 856 834 891 est:

280 913 347 954 67.
382 912 449 954 68.
483 913 550 954 39.
585 912 651 954 74.
687 913 752 954 73.
787 912 854 954 28.
890 913 955 955 72.
989 913 1056 954 40.
1092 912 1158 954 71.
1195 912 1380 954 75.166.
1411 912 1618 954 167.172.
1648 912 1738 954 195.

226 975 318 1017 123.
358 975 453 1018 202.
496 975 589 1017 152.
633 976 724 1017 153.
769 976 861 1017 136.
905 976 996 1017 138.
1039 977 1131 1017 143.
1173 977 1267 1017 233,
1308 976 1404 1017 234.
1444 976 1539 1016 235.
1573 976 1638 1016 25.
1674 976 1739 1016 27.

222 1040 289 1081 30.
324 1041 391 1081 31.
424 1039 491 1082 24.
526 1041 592 1081 32.
627 1040 680 1080 26
713 1037 813 1095 (tria
845 1045 1006 1081 tantum
1040 1040 1178 1095 priora
1209 1039 1378 1094 capita).
1417 1040 1508 1081 127.
1542 1039 1609 1080 93.
1649 1039 1739 1080 102.

227 1103 318 1144 185.
365 1102 457 1144 187.
507 1104 596 1145 121.
646 1103 737 1144 173.
783 1103 874 1144 164.
918 1104 1009 1145 130.
1051 1103 1147 1145 257.
1182 1103 1247 1145 96.
1285 1104 1379 1144 259.
1418 1103 1510 1145 100.
1544 1104 1610 1144 97.
1650 1103 1739 1144 144.

221 1168 581 1209 commonitorium
623 1167 742 1209 Orosi
783 1166 837 1208 ad
880 1168 1173 1222 Augustinum.
1218 1167 1382 1209 libellus
1423 1166 1646 1221 Augustini
1687 1165 1741 1207 ad

223 1230 404 1272 cundem
427 1230 632 1272 Orosium.
667 1232 762 1272 205.
797 1230 862 1271 78.
897 1231 962 1272 94.
998 1231 1064 1271 95.
1100 1231 1166 1271 36.
1202 1231 1267 1271 21.
1303 1231 1369 1271 22.
1408 1232 1499 1271 111.
1530 1231 1620 1272 142.
1651 1230 1739 1271 158.

227 1293 320 1334 159.
365 1294 455 1336 160.
502 1294 591 1335 161.
638 1295 728 1336 162.
763 1294 830 1335 98.
865 1294 960 1335 269.
1001 1295 1090 1335 154.
1128 1295 1220 1335 155.
1256 1293 1481 1342 246229.
1516 1293 1610 1335 230.
1646 1294 1741 1334 231.

228 1356 319 1399 170.
356 1357 448 1399 108.
486 1357 578 1398 106.
616 1358 707 1398 107.
743 1358 972 1399 consolatio
1003 1358 1057 1399 ad
1091 1358 1331 1408 Probum.²)
1371 1357 1466 1398 265.
1504 1357 1595 1398 150.
1631 1358 1669 1399 5.
1704 1359 1740 1398 6.

227 1421 319 1462 163.
364 1421 401 1462 7.
447 1421 483 1461 8.
526 1420 564 1462 9.
611 1423 675 1462 11.
722 1422 782 1461 12.
823 1422 888 1462 50.
931 1421 1025 1463 258.
1064 1420 1156 1462 195.
1202 1421 1425 1475 Augustini
1468 1420 1519 1462 de
1560 1422 1744 1476 acceptis

224 1484 468 1526 muneribus
501 1485 698 1539 (epistula
730 1485 1000 1539 adulterina).
1041 1486 1129 1526 192.
1171 1485 1259 1525 190.
1299 1485 1390 1525 151.

282 1561 404 1601 quem
458 1548 608 1590 librum
662 1549 868 1604 bipartitis
922 1549 1087 1604 paginis
1136 1549 1335 1603 seriptum
1384 1562 1475 1589 cum
1526 1548 1661 1590 hieme
1706 1562 1741 1590 a.

230 1612 522 1662 1873-1874,
571 1626 652 1666 qua
694 1614 807 1667 potui
855 1613 1087 1666 diligentia,
1135 1612 1175 1652 in
1224 1612 1476 1654 monasterio
1525 1612 1744 1654 Casinensi

225 1675 507 1728 contulissem,
527 1681 618 1730 post
642 1675 690 1715 18
708 1690 842 1717 annos
856 1675 1040 1717 codicem
1061 1676 1340 1717 Parisinum
1361 1689 1464 1717 nov.
1485 1689 1585 1729 aeq.
1607 1675 1743 1727 1672,

225 1752 332 1780 saec.
359 1739 417 1779 IX
450 1739 548 1780 item
582 1739 790 1794 bipartitis
822 1740 988 1794 paginis
1011 1740 1211 1794 scriptum
1236 1744 1384 1781 nactus
1406 1752 1510 1791 sum,
1544 1739 1613 1792 qui
1635 1753 1746 1780 anno

223 1808 321 1843 ante
359 1802 550 1844 Veronae
592 1802 643 1844 de
685 1803 913 1857 bibliopola
953 1809 1117 1857 emptus
1154 1803 1366 1844 Lutetiam
1407 1803 1659 1845 Parisiorum
1704 1803 1743 1843 iu

226 1864 527 1906 Bibliothecam
561 1867 826 1908 Nationalern
860 1872 1178 1921 pervenerat‘et
1200 1867 1484 1920 epistularum,
1519 1880 1626 1919 quae
1650 1873 1746 1907 sunt

225 1929 265 1968 in
300 1929 517 1986 Casinensi
559 1930 619 1985 16,
651 1930 825 1971 alteram
858 1935 1018 1984 partem
1050 1931 1102 1971 ab
1137 1930 1315 1984 epistula
1341 1929 1392 1970 78
1426 1929 1571 1971 eodem
1600 1929 1744 1971 ordine

225 1992 421 2033 eontinet.
465 2006 601 2046 neque
639 1993 708 2034 diu
748 1994 787 2034 iu
822 1993 1124 2047 perscrutando
1157 1993 1232 2035 hoc
1266 1993 1371 2034 libro
1404 1993 1606 2044 enitebar,
1651 2006 1744 2033 euni

226 2056 419 2109 perspexi
459 2057 676 2110 exemplar
713 2071 778 2098 me
818 2057 1046 2109 invenisse,
1089 2071 1141 2099 ex
1181 2070 1260 2110 quo
1299 2057 1389 2111 ipso
1427 2056 1662 2110 descriptus
1694 2057 1745 2097 sit

226 2118 360 2160 codex
393 2119 637 2161 Casinensis
672 2121 734 2160 16.
778 2121 819 2161 in
853 2120 1046 2162 omnibus
1087 2121 1198 2162 enim
1242 2121 1367 2161 rebus
1408 2120 1465 2160 ita
1506 2120 1745 2171 concinunt,

226 2189 269 2223 ut
311 2181 502 2224 dubitare
546 2197 627 2224 non
670 2184 822 2238 possis*
847 2190 886 2225 et
928 2183 1103 2225 fortasse
1141 2197 1502 2238 supervacaneum
1535 2188 1670 2237 putes,
1713 2184 1745 2223 si

225 2245 350 2287 etiam
393 2246 473 2287 alia
516 2247 715 2288 nonnulla
757 2247 912 2288 indicia
954 2251 1341 2289 commemorentur.
1390 2246 1500 2299 quod
1547 2246 1657 2288 enini
1704 2247 1745 2287 in

226 2322 288 2363 ep.
324 2311 368 2349 11
408 2324 444 2364 p.
476 2310 543 2360 26,
584 2310 627 2349 17
674 2311 841 2364 (faciat.
887 2326 957 2352 nec
1001 2313 1218 2363 quicquam
1258 2310 1405 2363 filium,
1450 2311 1557 2364 quod
1594 2325 1670 2351 non
1711 2314 1747 2351 el

221 2377 344 2425 pater
374 2376 412 2414 et
440 2375 612 2424 spiritus
644 2376 836 2424 sanctus)
876 2379 915 2415 et
954 2375 995 2415 in
1034 2388 1098 2428 ep.
1128 2374 1207 2414 153
1239 2387 1277 2428 p.
1302 2374 1398 2425 426,
1440 2376 1457 2413 1
1499 2374 1644 2427 (Quam
1678 2375 1747 2427 qui

227 2437 404 2477 trucidat
419 2451 648 2489 pauperem
669 2438 861 2491 faenore)
890 2437 1046 2479 codicis
1073 2437 1317 2479 Casinensis
1349 2436 1543 2478 librarius
1565 2443 1746 2491 praeter-

225 2499 350 2552 misit,
383 2499 573 2553 singulos
606 2501 832 2542 versiculos
865 2500 994 2541 efficit
1026 2501 1068 2541 in
1101 2499 1245 2541 codiee
1269 2500 1476 2553 Parisino;
1511 2513 1637 2541 unum
1671 2500 1745 2553 igi-

227 2568 293 2603 tur
339 2563 588 2604 versiculum
637 2564 704 2606 ille
753 2563 1287 2618 utrimque·praetermisit
1334 2563 1544 2616 similique
1590 2564 1748 2604 ratione

286 2678 311 2713 ¹1
344 2678 506 2722 Exempli
539 2688 648 2712 causa
682 2684 872 2721 ponantur.
907 2689 999 2722 quae
1032 2683 1116 2712 sunt
1150 2678 1183 2712 in
1218 2689 1289 2713 una
1324 2677 1481 2722 epistula
1511 2681 1588 2714 111:
1618 2680 1746 2721 1·.645.

232 2732 285 2764 10:
313 2733 390 2769 650.
426 2733 481 2765 17:
509 2733 585 2766 651.
617 2734 671 2772 13ς
699 2733 776 2772 652,
805 2735 840 2773 53
868 2733 944 2766 654.
975 2735 1031 2773 111;
1061 2734 1118 2773 12;
1146 2733 1221 2766 656.
1250 2733 1279 2765 7.

284 2782 295 2801 ²
340 2781 459 2821 Migm-
488 2782 881 2825 1».·1tr‹›l.l:=t.XXX1[l
913 2794 944 2825 p.
968 2785 1202 2818 1175—1176.

1491 2840 1536 2873 b*
