2078 3054
320 123 377 165 34
954 133 1096 171 Index
1121 132 1197 170 III.

320 250 433 296 niam,
465 251 529 296 qui
561 261 606 286 eo
637 259 750 295 ann0,
782 259 857 295 quo
889 248 1100 285 Gothorum
1133 250 1266 286 turbae
1298 250 1395 285 duce
1427 249 1581 285 Alarico
1613 249 1734 286 Roma
1766 260 1829 286 ex-

320 313 494 354 pugnata
522 308 749 353 direptaque
782 306 932 342 Italiam
963 303 1288 353 pervagabantur,
1320 307 1343 342 i.
1375 318 1406 343 e.
1439 318 1540 343 anno
1573 309 1641 343 410
1675 308 1829 353 profugi

325 365 513 411 ragasten
538 365 839 409 pervenerant,²)
869 369 906 400 et
932 375 971 401 se
999 368 1174 414 excusat,
1196 365 1298 410 quod
1323 369 1482 416 propter
1507 366 1642 401 duram
1667 364 1828 401 hiemem

319 429 356 458 et
381 423 566 459 ecclesiae
596 433 686 458 suae
713 422 978 457 condicionem
1005 422 1054 458 ad
1079 432 1145 458 eos
1171 422 1354 458 visendos
1381 422 1564 458 advolare
1591 432 1667 458 non
1694 423 1829 467 possit.

319 481 464 524 scripta
493 484 552 515 est
581 479 699 525 igitur
729 479 896 523 epistula
928 480 994 514 124
1024 479 1147 515 hieme
1181 471 1272 514 anni
1303 480 1485 514 410-411
1521 484 1559 515 et
1590 480 1829 525 Augustinus

318 548 351 572 a.
374 538 443 572 410
468 536 646 581 Hippone
671 536 808 573 relicta
828 534 895 572 rus
918 546 958 572 se
982 536 1194 572 abdiderat.
1231 537 1333 582 quod
1358 546 1442 572 cum
1466 541 1652 582 tenemus,
1678 541 1828 572 ceterae

317 594 506 638 epistulae
539 594 650 630 facile
681 593 951 639 adiungentur.
993 594 1133 630 etenim
1164 594 1368 638 epistulam
1400 595 1466 630 117
1495 593 1671 629 Dioscori
1702 595 1829 639 Augu-

317 652 441 687 stinus
469 662 584 697 aeger
610 651 800 696 Hippone,
829 651 1052 698 priusquam
1084 662 1148 687 rus
1177 652 1282 697 abiit,
1309 651 1476 696 aceepit;
1506 651 1672 695 epistula
1700 657 1827 687 autem

320 710 398 754 118,
424 709 447 744 i.
475 719 506 745 e.
534 709 740 754 Augustini
765 718 1002 754 responsum,
1029 709 1101 744 etsi
1128 719 1240 754 quam
1267 709 1462 744 celerrime
1488 710 1596 753 sequi
1623 708 1830 753 dedebat,‘-')

317 767 383 802 illo
406 767 580 803 discessu
601 767 745 804 factum
766 771 836 812 est,
857 771 900 802 ut
920 767 1080 812 tardius,
1105 778 1219 813 quam
1240 771 1383 812 posset,
1404 766 1665 812 mitteretur.³)
1700 767 1828 812 Augu-

317 824 441 859 stinus
468 828 548 860 tum
580 835 722 860 annum
750 825 891 870 agebat
919 824 1277 870 quinquagesimum
1308 828 1469 869 sextum,
1499 824 1553 859 ita
1581 828 1625 859 ut
1653 823 1828 870 Alypius,

318 891 430 926 quem
462 881 501 916 in
532 881 825 917 Confessionum
857 881 881 916 l.
913 881 966 916 VI
998 882 1030 926 7,
1064 882 1104 916 11
1140 891 1179 917 se
1211 885 1304 917 natu
1336 881 1519 917 minorem
1549 880 1655 926 dicit,
1689 881 1727 916 in
1759 881 1829 916 hac

316 939 485 983 epistula
510 950 628 975 senex
655 939 844 984 appellari
870 939 1036 984 possit.⁴)
1077 949 1200 985 neque
1227 940 1354 975 minus
1381 949 1610 985 congruens.
1627 943 1698 985 est,
1725 938 1827 985 quod

316 996 355 1031 in
383 1007 441 1041 ep.
473 997 540 1032 118
567 1007 598 1032 c.
627 997 681 1042 12,
709 997 773 1032 ubi
801 996 944 1033 multae
972 997 1151 1033 haereses
1179 997 1404 1033 nominatim
1435 996 1674 1040 adferuntur,
1703 996 1828 1045 Dpna-

316 1054 505 1099 tistarum,
551 1054 924 1100 Maximianensium,
972 1054 1293 1100 Manichaeorum,
1340 1054 1603 1098 Arrianorum,
1650 1053 1829 1088 Eunomi-

316 1121 487 1156 anorum,
539 1111 914 1157 Ma-cedonianorum,
965 1110 1311 1157 Cataphrygarum,
1364 1111 1710 1156 Marcionistarum,
1763 1111 1823 1146 Sa-

317 1168 578 1213 bellianorum,
612 1169 843 1214 Pelagianae
877 1169 1045 1204 haeresis
1081 1169 1187 1204 nulla.
1218 1169 1262 1204 fit
1296 1168 1453 1212 mentio,
1489 1169 1583 1203 haec
1619 1168 1718 1203 enim
1753 1178 1829 1203 non

316 1231 404 1263 ante
426 1227 556 1262 extitit
576 1237 690 1273 quam
712 1237 814 1262 anno
835 1231 923 1272 post
944 1226 1078 1272 Pela-gi
1099 1231 1137 1262 et
1157 1226 1324 1263 Caelesti
1348 1226 1620 1272 Carthaginem
1643 1227 1826 1262 adventu.

315 1304 362 1309 —
399 1283 611 1329 Epistulam
647 1284 714 1320 119
751 1283 981 1319 Consentius
1018 1284 1234 1329 Augustino
1273 1284 1322 1319 ad
1358 1282 1488 1318 villam
1524 1283 1639 1327 misit,
1676 1294 1751 1328 quo
1789 1294 1828 1318 se

316 1341 540 1377 valitudinis
568 1333 685 1376 causa
712 1341 971 1386 contulerat.⁵)
994 1363 1043 1367 -—
1068 1341 1280 1387 Epistulam
1309 1342 1376 1377 122
1403 1341 1642 1387 Augustinus
1669 1352 1716 1376 ex
1743 1351 1828 1376 rure

315 1399 464 1434 clericis
499 1403 538 1435 et
570 1399 672 1444 plebi
703 1398 1026 1444 Hipponiensium
1059 1399 1215 1444 scripsit
1246 1400 1460 1439 absentiam
1495 1410 1602 1435 suam
1637 1410 1827 1435 excusans

315 1460 353 1491 et
379 1457 666 1492 misericordiae
692 1466 812 1501 opera
836 1457 1120 1493 commendans.
1159 1457 1198 1492 in
1224 1468 1300 1503 qua
1325 1457 1491 1502 epistula
1517 1458 1620 1503 quod
1647 1458 1827 1503 Augusti-

315 1524 387 1549 nus
410 1514 457 1550 de
484 1514 715 1550 contritione
739 1515 872 1550 mundi
896 1514 1008 1549 huius
1031 1515 1211 1560 loquitur,
1239 1515 1299 1550 cui
1324 1515 1418 1550 talia
1442 1514 1673 1560 acciderent,
1697 1515 1827 1561 qualia

314 1570 492 1607 dominus
525 1576 564 1607 et
596 1571 817 1616 redemptor
850 1576 980 1608 noster
1013 1577 1178 1608 ventura
1211 1572 1481 1617 praedixisset,
1515 1573 1660 1616 optime
1693 1572 1827 1609 referri

315 1633 444 1672 potest
479 1629 528 1664 ad
566 1640 599 1664 a.
635 1630 714 1674 410,
752 1635 827 1675 quo
863 1629 954 1666 urbe
994 1641 1018 1665 a
1052 1629 1188 1665 Gothis
1225 1634 1415 1675 occupata
1450 1630 1678 1675 direptaque
1708 1634 1827 1665 'tanta

314 1685 415 1720 mala
458 1686 498 1721 in
541 1686 743 1730 imperium
788 1686 1002 1722 Romanum
1046 1687 1261 1732 inruebant,
1303 1692 1346 1723 ut.
1386 1688 1519 1723 mundi
1561 1688 1674 1722 huius
1715 1688 1827 1723 ruina

315 1744 645 1779 crebrescentibus
694 1744 1005 1780 tribulationibus
1051 1746 1313 1790 propinquare
1361 1745 1602 1790 putaretur.⁶)
1648 1766 1695 1771 ——
1742 1745 1828 1789 Epi-

315 1801 437 1837 stulae
466 1802 533 1837 125
559 1806 598 1837 et
625 1802 692 1838 126
719 1813 765 1838 ea
794 1802 867 1837 fuit
885 1796 1021 1847 causa,
1050 1803 1164 1848 quod,
1194 1813 1278 1838 cum
1306 1803 1492 1839 Pinianus
1519 1803 1671 1839 visendi
1699 1803 1826 1848 gratia

313 1859 362 1895 ad
401 1859 658 1904 Augustinum
694 1859 912 1904 Hipponem
949 1861 1132 1906 venisset,
1169 1860 1454 1905 Hipponienses
1490 1861 1680 1896 hominem
1718 1870 1825 1904 prae-

314 1916 472 1952 divitem
501 1927 643 1962 magna
671 1917 962 1961 importunitate
986 1918 1094 1962 *apud
1124 1928 1163 1954 se
1193 1918 1358 1954 retinere
1387 1923 1425 1954 et
1454 1918 1503 1953 ad
1535 1918 1757 1954 clericatum
1786 1918 1825 1953 in

313 1973 483 2017 ipsorum
513 1974 671 2010 civitate
701 1975 988 2019 suscipiendum
1017 1985 1153 2021 cogere
1184 1977 1433 2021 conabantur,
1462 1987 1539 2021 qua
1567 1986 1607 2011 re
1636 1976 1824 2011 avaritiae

313 2031 572 2075 suspicionem
612 2032 864 2068 sustinebant.
918 2032 1048 2078 itaque
1088 2033 1211 2068 altera
1251 2033 1420 2077 epistula
1459 2033 1699 2078 Augustinus
1739 2042 1823 2068 cum

313 2088 454 2133 Alypio
482 2089 529 2125 de
557 2089 627 2126 hac
654 2100 693 2125 re
721 2090 989 2135 communicat,
1015 2091 1138 2126 altera
1166 2091 1343 2127 Albinam
1371 2091 1418 2127 de
1446 2101 1503 2136 eo,
1531 2091 1633 2136 quod
1660 2091 1823 2127 Piniano

311 2156 453 2191 genero
491 2147 696 2193 acciderat,
732 2147 964 2192 consolatur,
1003 2149 1141 2184 nimias
1177 2149 1259 2184 eius
1296 2149 1537 2192 suspiciones
1573 2149 1696 2193 diluit,
1732 2159 1823 2190 rem,

312 2214 386 2248 quo
420 2204 534 2239 modo
568 2209 679 2249 gesta
712 2205 772 2250 sit,
806 2216 990 2241 enarrans
1025 2206 1212 2241 avaritiae
1248 2206 1389 2242 famam
1424 2206 1608 2241 defendit.
1655 2206 1757 2251 quod
1791 2207 1822 2240 si

311 2259 508 2306 Pinianus,
538 2266 581 2296 ut
610 2267 910 2298 consentaneum
944 2273 1027 2299 esse
1057 2263 1222 2307 videtur,
1255 2274 1340 2299 cum
1371 2263 1534 2308 primum
1566 2263 1685 2299 hiems
1715 2273 1823 2307 prae-

450 2387 481 2431 ¹)
510 2387 567 2422 Cf.
589 2387 716 2423 Rufini
738 2389 941 2433 epistulam
964 2390 1012 2424 ad
1035 2389 1232 2425 Ursacium
1258 2390 1363 2435 typis
1385 2399 1607 2434 expressam
1631 2389 1669 2425 in
1691 2390 1821 2425 adnot.

310 2442 441 2479 Valesi
472 2445 522 2480 ad
556 2444 695 2480 Eusebi
728 2445 818 2480 eccl.
851 2445 937 2481 hist.
968 2446 991 2480 1.
1023 2446 1076 2480 VI
1108 2458 1138 2482 c.
1169 2447 1215 2482 38
1252 2447 1326 2490 (ed.
1359 2446 1443 2482 Gul.
1474 2446 1652 2492 Reading
1684 2446 1822 2481 Canta-

311 2501 457 2546 brigiae
490 2501 580 2537 1720
612 2512 647 2547 p.
681 2503 783 2547 300);
816 2502 966 2538 Palladi
997 2503 1082 2539 hist.
1115 2504 1226 2540 Laus.
1259 2515 1289 2539 c.
1323 2505 1389 2540 118
1423 2504 1565 2549 (Migne
1597 2504 1733 2548 patrol.
1766 2514 1821 2549 gr.

312 2557 472 2593 XXXIV
510 2569 546 2603 p.
585 2559 686 2604 1229,
725 2561 875 2604 13—193
914 2561 1084 2605 39—47);
1124 2562 1171 2597 de
1211 2562 1303 2597 vitis
1342 2566 1493 2606 patrum
1533 2561 1579 2595 ΙΙ.
1622 2562 1821 2605 praeludia

315 2615 457 2660 (Migne
485 2617 622 2660 patrol.
648 2617 714 2652 lat.
742 2617 900 2652 LXXIII
928 2629 963 2663 p.
990 2619 1068 2662 725,
1094 2619 1267 2664 52-726,
1292 2620 1343 2663 8).

450 2673 479 2716 ²)
508 2683 545 2717 p.
572 2674 651 2719 664,
685 2675 741 2718 11;
772 2676 830 2720 15;
861 2676 918 2719 18;
947 2676 1026 2720 665,
1054 2677 1160 2719 5-6;
1178 2677 1269 2721 -698,
1297 2677 1399 2712 5-9.

450 2731 480 2775 ³)
509 2740 545 2775 p.
572 2731 651 2776 698,
678 2732 780 2767 7—9.
970 2733 999 2778 ⁴)
1036 2734 1105 2778 Ep.
1141 2735 1207 2768 117
1241 2744 1276 2778 p.
1309 2734 1389 2779 664,
1424 2734 1454 2768 1.
1652 2775 1658 2779 ,

451 2787 480 2832 ⁵)
510 2798 545 2832 p.
572 2789 652 2833 698,
679 2789 826 2825 16—18.
970 2790 998 2834 ⁰)
1029 2801 1064 2834 p.
1099 2792 1178 2835 743,
1213 2791 1363 2835 20—213
1400 2791 1570 2835 26—744,
1607 2791 1637 2825 1.
