2078 3054
926 128 1067 163 Index
1096 128 1139 163 V.

301 253 418 278 senex
448 253 505 288 ep.
537 243 606 278 250
635 242 821 278 rationem
851 242 1015 286 require-

301 301 367 336 bat
392 301 443 336 IV
467 301 548 346 595,
575 301 628 335 14.

256 358 488 394 Avivius
530 358 733 404 episcopus
776 358 813 393 in
853 358 1015 393 concilio

300 416 594 462 Carthaginensi
628 417 754 452 adfuit
786 417 838 451 III
871 417 951 461 652,
983 417 1015 451 7.

254 474 483 509 Azarias
511 485 609 510 unus
636 485 683 509 ex
710 473 830 509 tribus
858 474 950 509 viris
979 474 1015 509 in

302 532 491 567 caminum
526 532 623 577 ignis
658 532 837 577 proiectis
871 533 904 567 II
937 532 1016 576 646,

302 590 333 625 1.
362 590 441 634 654,
471 590 525 625 19.
554 591 633 635 655,
660 592 692 625 4.

256 658 276 682 a
293 658 311 682 z
326 658 351 692 y
366 658 401 682 m
416 658 440 682 u
455 658 510 682 m:
534 648 567 682 Il
589 648 646 692 59,
668 648 723 683 26.
746 658 922 693 azymum
945 648 1016 683 fuit

303 705 339 740 in
399 705 593 741 veteribus
655 706 905 741 sacramentis
966 706 1014 740 IV

303 763 467 807 217,10.

255 877 558 923 Babylonis
609 879 676 915 filii
724 880 919 915 eliduntur
967 879 1016 914 ad

303 941 451 979 petram
477 937 492 971 Ι
516 938 571 982 98,
595 938 627 973 5.

256 993 650 1032 Badesilitana
679 996 845 1032 ecclesia
873 996 908 1031 II
938 996 1016 1041 230,

302 1053 357 1087 23.

256 1110 564 1155 Bagaiense
615 1112 836 1148 concilium·
868 1112 903 1146 II
938 1112 1016 1157 615,

304 1169 358 1204 23.
383 1169 460 1214 618,
488 1170 517 1205 1.
542 1170 619 1215 619,
647 1170 676 1205 1.
699 1171 778 1215 625,
802 1171 833 1206 3.
858 1171 937 1216 627,
963 1170 1016 1205 13.

302 1227 381 1272 6⁶28,
417 1228 472 1263 23.
519 1229 723 1264 concilium
760 1229 1016 1274 Bagaitanum

304 1284 338 1318 II
373 1286 452 1330 418,
489 1287 520 1320 4.
571 1286 789 1331 Bagaitana
824 1287 1017 1322 sententia

305 1342 358 1376 III
406 1343 485 1388 240,
531 1344 561 1378 5.
637 1344 886 1388 episcopatus
947 1344 1015 1378 Ba-

304 1401 472 1445 gaiensis
521 1401 706 1437 ecclesiae
754 1402 788 1436 II
835 1403 914 1447 245,
960 1403 1018 1438 25·

305 1458 352 1499 εἰ.
381 1458 432 1493 IV
461 1459 515 1503 25,
545 1459 599 1493 11.
630 1460 685 1494 20.
714 1460 914 1496 cicatrices
944 1460 1019 1505 epi-

304 1516 412 1559 scopi
458 1517 638 1552 catholici
681 1518 885 1564 Bagaitani
934 1519 1016 1554 hor-

305 1574 446 1612 rendae
470 1585 514 1609 ac
538 1576 828 1612 recentissimae
842 1577 877 1611 11
891 1577 969 1622 414,
986 1578 1016 1612 7.

258 1631 573 1668 balnearum
601 1644 693 1669 usus
719 1635 916 1670 monachis
942 1645 1016 1670 non

306 1691 355 1725 sit
386 1691 577 1736 assiduus,
611 1692 678 1727 sed
711 1702 767 1736 eo,
800 1703 874 1737 quo
909 1692 1018 1737 solet,

302 1749 486 1791 temporis
503 1749 707 1784 intervallo
723 1750 924 1795 tribuatur,
948 1751 1018 1785 hoc

306 1811 363 1841 est
396 1807 511 1842 semel
544 1808 582 1842 in
610 1818 740 1843 mense
771 1807 823 1842 IV
853 1809 931 1853 367,
966 1809 1017 1843 11.

259 1864 543 1909 baptisma,
592 1866 803 1909 baptizare:
855 1866 902 1901 (le
951 1866 1018 1900 cir-

306 1922 539 1958 cumcisione
575 1927 613 1958 et
646 1924 878 1968 baptismate
915 1924 930 1958 Ι
963 1924 1018 1968 68,

307 1980 452 2025 11—69,
480 1981 511 2015 8.
566 1981 805 2017 circumcisio
849 1981 1020 2027 antiquis

307 2038 451 2073 sanctis
479 2049 548 2083 pro
576 2040 767 2083 baptismo
795 2039 914 2075 fuisse
942 2050 1019 2075 cre-

306 2095 409 2130 ditur
456 2096 507 2131 IV
553 2097 630 2142 112,
673 2098 705 2132 8.
762 2097 937 2133 Christus
980 2097 1017 2132 in

307 2154 471 2189 ecclesia
509 2165 579 2190 sua
617 2165 686 2199 pro
728 2156 1018 2191 circumcisione

307 2212 433 2247 carnis
521 2218 695 2248 sanctum
785 2214 1018 2258 baptismum

308 2270 416 2305 dedit
457 2270 508 2305 IV
549 2271 628 2315 641,
667 2272 699 2306 4.
752 2272 783 2306 si
826 2272 863 2306 in
904 2281 1018 2306 carne

307 2328 522 2363 circumcisi
559 2329 724 2364 hominis
760 2340 836 2364 non
865 2329 1019 2368 ,inveni-

307 2389 368 2419 tur
396 2386 514 2431 locus,
545 2386 608 2422 ubi
640 2386 881 2422 circumcisio
913 2396 1019 2431 repe-

307 2448 422 2488 tatur,
448 2444 540 2489 quia
562 2456 679 2480 unum
704 2450 763 2480 est
787 2445 881 2480 illud
904 2455 1020 2480 mem-

306 2502 427 2547 brum,
477 2502 596 2537 multo
647 2502 773 2538 minus
825 2503 1020 2538 invenitur

307 2559 413 2594 locus
445 2560 483 2595 in
514 2571 589 2595 uno
622 2561 748 2605 corde,
780 2561 845 2596 ubi
876 2560 1019 2605 baptis-

307 2628 407 2652 mum
441 2617 582 2654 Christi
616 2622 814 2662 repetatur
850 2618 866 2652 Ι
899 2619 954 2662 69,
986 2618 1018 2652 4.

307 2675 538 2719 baptismum
582 2676 680 2710 sicut
724 2676 891 2721 regalem
935 2676 1021 2711 eha-

296 2734 492 2768 'racterem
539 2734 714 2778 accipere
761 2733 795 2768 II
840 2734 919 2778 415,
964 2734 1019 2769 20.

308 2800 457 2834 semper
491 2792 552 2826 dei
587 2796 646 2826 est
679 2792 860 2835 baptismi
895 2802 1020 2826 sacra—

331 2857 428 2883 Lvlll.
450 2857 643 2890 Augustinus.
663 2858 923 2890 (Goldbnclier.)

1728 116 1807 158 145

1097 245 1279 286 mentum,
1319 242 1483 278 hominis
1521 246 1649 279 autem
1687 243 1809 279 solum

1097 300 1352 335 ministerium
1389 300 1423 334 II
1459 301 1538 346 604,
1576 302 1611 345 93
1649 302 1695 343 cf.
1730 302 1808 345 489,

1100 357 1153 392 17.
1196 357 1369 402 perfecta
1411 359 1610 394 mundatio
1652 370 1728 394 non
1771 360 1808 393 in

1098 414 1280 451 Iohannis
1312 417 1378 451 sed
1411 416 1448 451 in
1480 417 1632 452 nomine
1664 417 1810 452 domini

1099 473 1292 517 baptisma
1321 478 1380 509 est
1410 472 1445 508 ΙΙ
1477 474 1552 519 118,
1584 474 1637 509 12.
1667 475 1811 519 baptis-

1098 542 1192 576 mus,
1240 542 1351 577 quem
1396 531 1587 567 dederunt
1631 532 1810 576 apostoli.

1099 599 1167 633 per
1207 589 1415 634 quemlibet
1453 590 1567 625 datus
1605 600 1683 625 non
1720 600 1811 635 apo-

1100 647 1284 682 stolorum
1308 652 1390 682 erat
1415 648 1481 683 sed
1507 647 1648 683 Christi
1673 648 1708 682 II
1730 648 1811 692 490,

1101 706 1130 740 1.
1166 705 1219 740 18.
1254 706 1448 749 baptisma
1480 706 1708 752 ubicumque
1742 710 1811 751 est,

1099 763 1225 806 ipsum
1262 767 1331 808 est,
1369 764 1435 799 sed
1473 774 1550 798 non
1586 764 1702 799 etiam
1737 763 1812 808 ille,

1099 817 1266 866 qui'hoc
1298 821 1450 866 accipit,
1482 821 1710 867 ubicumque
1742 825 1812 865 est,

1100 879 1182 923 ipse
1213 884 1285 923 cst,
1315 879 1443 924 itaque
1473 879 1666 924 privatam
1695 879 1813 914 homi-

1099 948 1189 972 num
1228 937 1464 981 impietatem
1500 937 1738 972 detestamur
1775 938 1813 971 in

1102 995 1318 1039 schismate,
1342 995 1571 1039 baptismum
1595 1006 1687 1030 vero
1712 994 1816 1030 Chri-

1101 1053 1151 1088 sti
1190 1053 1329 1098 ubique
1371 1063 1601 1089 veneramur
1645 1053 1691 1098 II,
1733 1053 1812 1097 405,

1101 1111 1155 1145 22.
1208 1111 1434 1156 baptismus,
1487 1121 1561 1157 quo
1614 1111 1813 1155 baptizant

1102 1169 1155 1203 illi
1221 1179 1316 1214 quos
1381 1174 1576 1214 tamquam
1642 1173 1813 1204 mortuos

1101 1227 1214 1262 eiecit
1264 1227 1439 1271 ecclesia,
1490 1237 1566 1262 non
1616 1227 1813 1261 lavacrum

1102 1295 1178 1320 non
1217 1289 1286 1329 est,
1325 1285 1392 1320 sed
1432 1285 1527 1320 nihil
1566 1285 1726 1329 prodest
1764 1289 1812 1329 et,

1101 1343 1256 1387 quando
1287 1343 1372 1388 quis
1404 1353 1488 1378 cum
1522 1342 1585 1378 illo
1617 1343 1667 1378 ad
1696 1343 1814 1378 eccle-

1102 1401 1195 1436 siam
1228 1401 1387 1446 venerit,
1416 1401 1518 1446 quod
1548 1401 1641 1436 foris
1670 1401 1813 1446 oberat,

1103 1459 1205 1494 intus
1246 1459 1420 1503 proderit
1459 1459 1495 1493 II
1536 1459 1616 1504 617,
1655 1459 1713 1503 233
1767 1459 1813 1500 cf.

1101 1518 1178 1561 630,
1215 1519 1247 1552 4.
1295 1517 1504 1552 Christiani
1541 1517 1722 1561 baptismi
1758 1527 1815 1551 sa-

1102 1579 1339 1611 cramentum
1382 1576 1497 1611 etiam
1538 1576 1641 1619 apud
1686 1575 1815 1610 haere-

1102 1634 1198 1668 ticos
1230 1633 1335 1668 valet
1365 1638 1402 1668 et
1432 1633 1574 1668 sufficit.
1604 1633 1652 1668 ad
1684 1643 1814 1668 conse-

1102 1692 1325 1735 crationem,
1387 1691 1563 1736 quamvis
1611 1691 1661 1726 ad
1710 1691 1814 1725 vitae

1101 1754 1283 1785 aeternae
1341 1750 1678 1793 participationem
1738 1758 1816 1783 non

1103 1808 1271 1843 sufficiat
1301 1807 1336 1841 II
1367 1807 1444 1852 526,
1475 1808 1529 1842 22.
1562 1812 1649 1851 post
1680 1807 1815 1841 Iohan-

1103 1876 1189 1901 nem
1215 1865 1452 1910 baptizatum
1479 1870 1548 1910 est,
1572 1869 1660 1909 post
1686 1865 1815 1900 haere-

1103 1924 1201 1959 ticos
1243 1927 1371 1959 autem
1415 1927 1481 1958 aut
1523 1923 1695 1958 ebriosos
1738 1932 1815 1957 non

1103 1982 1332 2026 baptizat-ur,
1359 1981 1450 2027 quia
1475 1981 1616 2016 Christi
1642 1985 1701 2016 est
1725 1980 1815 2024 bap-

1103 2039 1251 2084 tismus,
1297 2050 1374 2074 non
1421 2049 1563 2083 eorum,
1610 2049 1633 2073 a
1678 2037 1816 2083 quibus

1103 2097 1343 2132 ministratur
1377 2097 1412 2132 II
1446 2097 1524 2141 490,
1560 2097 1615 2131 21.
1649 2096 1728 2140 489,
1763 2095 1815 2130 19.

1103 2155 1216 2191 homo
1244 2155 1405 2201 quilibet
1432 2155 1605 2190 minister
1634 2153 1818 2198 baptismi

1103 2213 1418 2258 qualemcumque
1452 2213 1642 2248 sarcinam
1678 2214 1817 2255 portet,

1104 2282 1181 2306 non
1215 2271 1286 2307 iste
1321 2271 1388 2307 sed
1421 2270 1595 2306 Christus
1628 2270 1711 2313 ipse
1747 2273 1817 2313 est,

1103 2330 1169 2374 qui
1213 2329 1387 2373 baptizat
1433 2328 1469 2362 11
1505 2328 1584 2372 423,
1622 2327 1652 2362 1.
1700 2326 1816 2372 igitur

1104 2387 1203 2422 inter
1239 2387 1473 2431 baptismum
1512 2385 1667 2429 Christi,
1704 2394 1816 2430 quem

1104 2445 1213 2480 dedit
1252 2444 1463 2489 apostolus,
1506 2447 1544 2479 et
1583 2442 1816 2487 baptismum

1105 2503 1258 2548 Christi,
1283 2514 1395 2548 quem
1420 2501 1528 2537 dedit
1551 2501 1724 2537 ebriosus
1751 2503 1818 2534 aut

1106 2561 1333 2604 haereticus,
1365 2560 1456 2594 nihil
1489 2560 1647 2594 interest
1678 2558 1711 2592 lI
1742 2557 1820 2600 491,

1106 2619 1160 2653 23.
1182 2618 1261 2663 492,
1285 2618 1320 2662 23
1358 2619 1404 2659 cl.
1427 2617 1506 2661 423,
1527 2618 1558 2652 6.
1595 2626 1672 2651 non
1694 2614 1817 2658 bapti-

1106 2680 1214 2711 zatur
1265 2686 1388 2720 neque
1442 2679 1531 2719 post
1583 2673 1816 2709 haereticum

1105 2744 1227 2779 neque
1276 2737 1366 2777 post
1414 2732 1606 2767 ebriosum
1655 2730 1689 2764 II
1738 2730 1815 2774 490,

1105 2791 1277 2835 23—491,
1304 2791 1359 2826 24.

1547 2859 1587 2891 10
