2078 3054
898 153 1040 190 Index
1068 154 1111 189 V.
1700 141 1780 183 165

274 270 347 305 nisi
393 279 461 314 per
505 270 628 305 Adam
675 278 885 305 nascuntur
931 268 985 303 111

274 328 352 372 460,
376 328 434 371 243
460 328 505 369 cs.
533 327 584 362 IV
609 329 684 372 140,
707 328 737 363 1.
762 327 800 362 in
822 331 983 363 mortem

273 396 384 421 nemo
418 385 490 420 nisi
526 396 592 430 per
625 386 760 430 Adam,
793 386 831 420 in
863 385 983 420 vitam

274 454 384 480 nemo
413 443 486 478 nisi
514 454 580 487 per
607 443 799 479 Christum
827 443 879 478 IV
908 443 984 488 108,

275 503 304 536 1.
353 502 428 537 144.
477 502 506 536 1.
553 505 674 537 morte
721 500 863 537 Christi
907 510 984 535 non

274 559 387 594 unius
427 564 493 594 aut
536 559 750 604 aliquarum
794 559 861 594 sed
903 558 984 593 uni-

272 627 407 652 versae
480 618 630 652 a1·imae
702 616 984 661 propagatione

271 678 509 710 contractum
532 675 665 710 mortis
687 674 983 720 chirographum

273 733 463 777 rumpitur
491 732 541 766 ΙΨ
574 733 650 778 160,
678 733 714 776 3;
745 732 791 773 cf.
823 733 899 777 159,
930 732 983 766 15.

273 791 414 825 Christi
459 791 709 826 saluberrima
752 789 826 825 fide
868 790 982 825 etiam

275 848 328 883 illi
369 848 458 883 iusti
498 848 595 883 salvi
636 848 728 884 facti
768 851 867 892 sunt,
907 848 983 893 qui,

274 906 494 950 priusquam
554 905 705 941 veniret
760 906 798 940 in
858 915 984 945 carne,

273 964 519 999 crediderunt-
555 966 593 1000 in
630 974 743 999 carne
778 967 983 999 venturum

274 1021 325 1056 IV
358 1022 433 1066 141,
466 1022 517 1056 16.
549 1021 723 1057 Christus
755 1021 885 1057 docuit
914 1031 984 1056 nos

271 1084 530 1123 temperanter
592 1088 777 1123 prospera
841 1078 984 1114 saeculi

273 1137 384 1172 huius
410 1142 654 1173 contemnere
680 1142 717 1172 et
743 1137 892 1172 fortiter
919 1137 984 1171 ad-

272 1206 386 1230 versa
432 1195 595 1231 tolerare
643 1194 695 1229 IV
741 1195 820 1239 581,
867 1195 899 1230 6.
946 1195 983 1229 in

271 1254 422 1288 ‘'brist-o
445 1253 687 1288 revelabztur
707 1254 806 1288 bona
825 1258 982 1288 aeterna
1002 1273 1009 1281 ψ

274 1311 428 1354 proprie
467 1311 579 1345 deum
623 1316 819 1354 praestare
861 1310 983 1354 iustis,

273 1369 336 1413 qui
364 1369 465 1403 bona
492 1368 721 1412 temporalia
746 1372 920 1412 praestat
946 1373 984 1404 et

273 1426 400 1469 impiis
449 1426 502 1459 Ill
552 1427 628 1469 171,
674 1427 705 1461 5.
756 1426 793 1461 in
841 1425 1005 1467 Christil

272 1484 395 1519 forma
434 1484 564 1519 servili
603 1485 750 1519 discere
789 1481 1003 1527 debemus}

272 1542 363 1586 quid
390 1542 426 1576 in
454 1542 523 1577 hac
552 1542 632 1576 vita
660 1542 981 1577 contemnendum

272 1604 307 1635 et
345 1599 436 1645 quid
474 1601 511 1636 in
550 1599 625 1635 alia
664 1600 895 1643 sperandum
934 1599 982 1634 sit

273 1656 327 1691 III
361 1658 436 1701 165,
471 1658 527 1698 17;
561 1657 608 1697 cf.
644 1658 718 1701 175,
754 1657 808 1692 23.
842 1657 917 1701 180,
953 1657 982 1691 1.

273 1714 324 1748 IV
365 1716 444 1759 432,
481 1716 513 1750 3.
566 1715 740 1750 Christus
780 1715 817 1750 in
860 1714 983 1751 forma

272 1773 374 1808 servi
411 1777 579 1808 nostram
615 1773 794 1817 portabat
830 1772 983 1807 infirmi-

272 1834 390 1866 tatem
431 1830 484 1864 111
524 1831 601 1875 166,
639 1831 669 1865 8.
708 1831 882 1865 caritatis
920 1830 981 1865 lex

272 1899 318 1923 ex
360 1899 425 1923 ore
472 1888 612 1923 Christi
657 1888 900 1933 promulgata
946 1887 1002 1941 Hi

271 1945 349 1989 622,
391 1946 441 1979 1(”,
480 1946 563 1980 laus
601 1946 762 1980 duorum
801 1949 1002 2004 praecep-j

272 2007 407 2047 torum,
439 2014 484 2038 ex
517 2003 653 2048 quibus
684 2003 858 2038 Christus
889 2002 981 2038 dicit

271 2065 390 2096 totam
420 2061 542 2106 legem
575 2061 860 2106 prophetasque
892 2071 982 2105 pen-

271 2117 361 2154 dere
387 2117 441 2152 111
469 2118 545 2162 121,
573 2119 624 2153 11.
652 2118 826 2154 Christus
852 2128 981 2164 quam-

271 2176 330 2210 vis
379 2176 536 2211 haberet
586 2187 765 2221 magnam
813 2180 981 2220 potesta-

271 2238 358 2277 tem,
403 2234 508 2276 prius
551 2237 680 2269 tamen
722 2233 839 2278 elegit
883 2244 980 2268 com-

270 2291 451 2326 mendare
500 2291 751 2326 humilitatem
801 2290 855 2325 III
902 2292 980 2334 647,

273 2349 325 2383 14.
351 2348 491 2384 Christi
518 2349 724 2393 disciplina
749 2349 836 2393 piae
862 2349 1001 2384 humi-s

271 2405 391 2441 litatis
445 2411 645 2441 ventosam
699 2412 734 2441 et
788 2406 979 2442 turbidam

269 2463 520 2507 cupiditatem
562 2464 715 2499 avidam
756 2474 879 2499 rerum
918 2475 980 2499 ex-

270 2525 330 2556 tra
366 2525 536 2556 nostram
574 2526 804 2565 potestatem
841 2514 1000 2556 consti-¹

269 2582 437 2613 tutarnm
469 2579 576 2622 pellit
606 2590 651 2614 ex
683 2579 810 2614 animo
842 2578 895 2613 III
924 2579 980 2623 24,

269 2636 301 2671 8.
329 2635 503 2671 Christus
530 2637 634 2680 apud
663 2637 836 2672 homines
866 2637 999 2672 inter-¹

269 2693 397 2737 cessit,
434 2704 480 2729 ne
517 2693 756 2738 lapidaretur
793 2694 1000 2744 adulterat

270 2755 308 2786 et
337 2761 382 2786 eo
410 2751 523 2786 modo
554 2752 662 2786 nobis
693 2751 999 2787 intercessionis*

271 2808 556 2845 commendavit
595 2808 763 2846 officium
805 2808 858 2844 ΙΙΙ
900 2809 979 2853 408,

1071 268 1100 302 1.
1137 268 1209 303 nisi
1245 269 1309 313 qui
1345 269 1665 305 manducaverint
1700 279 1778 305 car-

1069 336 1156 362 nem
1177 325 1244 361 filii
1264 326 1431 363 hominis
1450 330 1488 363 et
1509 327 1674 363 biberint
1695 338 1779 363 san-

1068 383 1223 429 guinem
1288 385 1380 429 eius,
1445 395 1521 420 non
1586 385 1778 421 habebunt

1068 441 1187 477 vitam
1219 443 1257 478 in
1289 446 1409 478 semet
1437 442 1531 486 ipsis
1564 442 1618 477 III
1651 443 1728 487 720,
1760 444 1780 478 8

1068 499 1251 544 (Innoc.);
1286 499 1333 541 ct.
1368 499 1421 534 IV
1456 500 1512 545 68,
1549 500 1602 535 18.
1638 500 1779 536 Christi

1069 557 1396 601 praedicat-ionem
1424 562 1539 603 atque
1564 557 1778 593 doctrinam

1068 615 1122 650 rei
1164 615 1339 659 publicae
1378 616 1548 651 moribus
1588 616 1693 651 nulla
1732 626 1778 651 ex

1068 677 1177 716 parte
1209 673 1416 709 convenire
1448 673 1557 708 multi
1589 674 1779 717 dicebant.

1069 731 1176 766 cuius
1215 731 1284 766 hoc
1323 735 1517 767 constaret
1553 741 1636 767 esse
1673 741 1780 776 prae-

1069 793 1233 833 ceptum,
1284 795 1325 823 ut
1375 789 1468 824 nulli
1519 789 1658 824 malum
1711 799 1779 833 pro

1068 846 1168 891 malo
1221 847 1381 882 reddere
1433 847 1659 882 deberemus
1708 849 1778 881 etc.

1069 903 1123 938 III
1157 904 1213 948 95,
1248 905 1280 939 6.
1318 905 1394 949 133,
1433 905 1489 948 14;
1527 905 1574 945 cf.
1613 905 1688 949 141,
1727 905 1779 939 16.

1069 972 1146 997 non
1175 966 1302 1006 potest
1331 972 1414 998 esse
1445 962 1580 997 salutis
1610 962 1676 998 via
1706 962 1779 997 nisi

1068 1029 1136 1063 per
1181 1019 1371 1055 hominem
1417 1020 1610 1055 Christum
1656 1019 1778 1056 Iesum

1070 1077 1124 1112 III
1148 1078 1228 1122 364,
1251 1078 1376 1113 4-11.
1402 1079 1484 1113 vita
1509 1077 1684 1114 Christus
1710 1083 1779 1116 est.

1069 1136 1133 1181 qui
1161 1135 1307 1171 habitat
1337 1136 1375 1171 in
1404 1136 1583 1171 cordibus
1611 1136 1777 1172 fidelium

1070 1193 1221 1229 interim
1265 1204 1333 1238 per
1374 1193 1487 1229 fidem
1532 1198 1619 1238 post
1663 1194 1777 1229 etiam

1070 1262 1137 1295 per
1163 1251 1329 1296 speciem
1356 1251 1410 1285 III
1436 1251 1514 1295 207,
1541 1252 1599 1294 243
1628 1252 1673 1293 cf.
1700 1252 1778 1295 210,

1069 1311 1099 1344 7.
1123 1319 1255 1345 omnes
1279 1310 1368 1344 iusti
1393 1309 1473 1344 sive
1494 1314 1583 1344 ante
1608 1309 1779 1344 incarna-

1068 1367 1210 1403 tionem
1242 1367 1324 1403 sive
1356 1371 1443 1411 post
1475 1367 1778 1402 incarnationem

1068 1424 1210 1461 Christi
1236 1435 1306 1460 nec
1335 1425 1516 1460 vixerunt
1546 1434 1615 1460 nec
1641 1425 1778 1460 vivunt

1068 1483 1141 1518 nisi
1165 1473 1211 1518 ex
1237 1482 1310 1518 fide
1336 1483 1614 1526 incarnationis
1638 1482 1778 1518 Christi

1068 1539 1119 1574 IV
1157 1541 1232 1584 143,
1270 1541 1327 1584 143
1365 1541 1410 1582 cf.
1448 1541 1524 1585 142,
1562 1541 1615 1575 17.
1651 1541 1778 1576 omnia

1067 1598 1169 1633 dona
1206 1598 1287 1634 sine
1324 1598 1476 1634 Christo
1515 1598 1680 1634 inaniter
1716 1599 1779 1633 ha-

1069 1657 1205 1691 bentur
1230 1655 1284 1690 III
1306 1657 1385 1702 389,
1412 1657 1467 1692 28.
1492 1656 1666 1692 Christus
1690 1656 1778 1691 fidei

1068 1713 1388 1750 clementissimus
1462 1714 1672 1758 imperator
1745 1714 1778 1748 II

1066 1772 1145 1816 696,
1181 1772 1232 1807 14.
1262 1772 1339 1807 leni
1370 1773 1460 1817 iugo
1493 1782 1561 1807 suo
1593 1782 1662 1807 nos
1694 1772 1779 1807 sub-

1067 1829 1167 1865 didit
1196 1834 1232 1864 et
1263 1830 1436 1865 sarcinae
1466 1830 1542 1865 levi
1572 1829 1606 1864 II
1637 1830 1712 1873 159,
1743 1831 1776 1872 73

1068 1887 1115 1928 cf.
1158 1887 1212 1921 ΙΙΙ
1251 1887 1306 1928 24,
1347 1888 1401 1923 23.
1442 1897 1519 1932 pax
1561 1887 1701 1923 Christi
1743 1888 1777 1922 II

1066 1945 1144 1988 633,
1193 1946 1245 1980 12.
1293 1945 1346 1979 III
1391 1945 1470 1990 247,
1514 1946 1546 1981 4.
1604 1945 1777 1981 Christus

1067 2006 1273 2047 propterea
1309 2007 1346 2039 et
1383 2003 1465 2047 ipse
1503 2003 1689 2038 miracula
1725 2003 1778 2038 fa-

1067 2070 1152 2096 eere
1183 2060 1316 2104 voluit,
1348 2071 1394 2096 ne
1425 2065 1527 2096 esset
1558 2061 1777 2104 absurdum,

1070 2118 1133 2163 qui
1176 2129 1241 2163 per
1285 2118 1380 2154 alios
1423 2117 1579 2162 fecerat,
1623 2118 1654 2153 si
1697 2118 1777 2164 ipse

1066 2186 1143 2211 non
1177 2176 1321 2212 faceret
1352 2175 1406 2210 ΙΙΙ
1439 2177 1515 2220 115,
1547 2177 1601 2211 12.
1632 2180 1777 2221 tempo-

1067 2233 1162 2268 ralia
1192 2233 1322 2279 aliqua
1350 2234 1450 2269 bona
1481 2245 1505 2269 a
1533 2234 1686 2269 Christo
1714 2244 1777 2270 ex-

1066 2292 1273 2334 pectabant
1320 2291 1451 2327 Iudaei
1499 2291 1551 2326 III
1600 2292 1675 2336 170,
1724 2292 1776 2326 19.

1067 2353 1245 2393 satrapae
1273 2359 1340 2385 seu
1368 2350 1469 2395 regis
1497 2350 1625 2393 potius
1653 2350 1776 2385 cuius-

1065 2406 1153 2442 dam
1199 2407 1376 2450 precibus
1422 2416 1490 2451 per
1533 2406 1682 2442 litteras
1727 2407 1774 2442 ad

1066 2464 1257 2500 Christum
1281 2465 1408 2500 missis
1433 2475 1507 2510 quo
1529 2465 1641 2500 modo
1666 2464 1776 2500 satis-

1066 2521 1207 2558 factum
1258 2532 1342 2558 esse
1391 2522 1594 2567 diceretur,
1645 2526 1775 2557 narrat

1065 2578 1204 2615 Darius
1235 2579 1288 2615 IV
1320 2580 1399 2625 502,
1434 2580 1486 2615 18.

1111 2636 1253 2672 Christi
1280 2638 1450 2674 membra
1477 2637 1531 2672 III
1559 2638 1636 2682 249,
1663 2638 1694 2672 5.
1723 2637 1774 2672 IV

1067 2694 1142 2738 167,
1188 2695 1240 2730 10.
1286 2695 1364 2739 504,
1409 2695 1441 2730 2.
1485 2696 1517 2730 3.
1561 2695 1773 2730 catholicus

1065 2751 1206 2787 Christi
1233 2762 1326 2797 grex
1353 2752 1368 2787 I
1393 2753 1449 2797 47,
1473 2753 1505 2788 3.
1532 2752 1605 2790 tiro
1631 2752 1772 2788 Christi

1065 2809 1117 2844 IV
1147 2810 1226 2855 568,
1258 2810 1288 2846 9.
1320 2810 1399 2856 574,
1429 2811 1460 2845 7.
1491 2809 1600 2847 miles
1631 2809 1770 2846 Christi
