2078 3054
285 136 370 177 290

332 264 466 299 denter
491 263 675 308 apparuit
700 263 751 298 IV
777 264 832 308 74,
860 262 983 308 1—75,
1006 264 1063 307 7;4

330 322 376 363 ct.
417 321 492 367 128,
529 322 583 356 11.
618 321 657 356 in
690 321 810 367 libris,
845 331 940 366 quos
975 331 1044 355 nu-

333 379 491 423 p‹·1·ri1ne
545 379 722 425 Pelagius
777 377 1046 423 perhibebatur

328 437 508 482 edidisse,
545 436 826 472 defendebatur
864 436 967 471 Esau
1003 439 1042 471 et

329 495 442 530 Iacob
477 495 558 530 sine
593 494 690 529 vitio
722 498 835 530 natos
870 494 1041 530 nec»ali-

327 553 419 598 quid
454 553 501 588 de
536 553 650 596 primi
684 552 849 587 hominis
884 553 1040 588 damna-

327 610 431 648 tione
455 611 621 646 traxisse
646 611 697 645 lV
721 611 775 655 67,
801 611 834 646 3.
858 610 1039 656 Pelagius

326 679 556 715 quamquam
641 668 1040 704 anathematizaverat

326 737 404 771 eos,
444 727 509 772 qui
549 727 732 762 dicebant
770 727 935 772 gratiam
976 726 1038 762 dei

325 785 535 820 secundum
581 785 718 820 merita
763 790 897 820 nostra
942 784 1038 829 dari,

324 848 453 879 tamen
484 843 578 878 nihil
607 843 712 878 aliud
743 843 781 877 in
812 842 1038 888 Pelagiano-

324 911 405 936 rum
448 901 725 945 posterioribus
766 900 1037 945 disputationi-

323 959 393 994 bus
421 959 616 994 invenitur
642 969 755 1004 quam
781 958 928 994 meritis
952 958 1038 994 dari

323 1028 407 1052 eam
441 1017 606 1062 gratiam
642 1017 693 1051 IV
730 1017 808 1062 181,
846 1017 898 1052 14.
935 1016 1035 1052 idem

323 1075 524 1110 confessus
565 1080 624 1110 est
665 1075 831 1119 priorem
870 1074 1035 1110 hominis

323 1133 454 1177 vitam,
479 1143 576 1178 quae
601 1137 661 1168 est
682 1133 730 1168 ab
753 1133 930 1177 infantia,
953 1132 1034 1167 sine

322 1196 482 1235 peccato
519 1201 595 1226 non
632 1201 727 1235 esse,
762 1190 829 1226 sed
864 1201 950 1226 eum
985 1189 1034 1225 ad

322 1249 453 1293 vitam,
486 1260 584 1294 quae
616 1249 698 1284 sine
730 1252 889 1292 peccato
921 1253 1034 1293 esset,

320 1307 451 1342 labore
498 1307 656 1351 proprio
702 1312 736 1342 et
784 1306 918 1342 adiuto
966 1316 1033 1351 per

321 1365 485 1410 gratiam
521 1365 583 1400 dei
620 1375 733 1409 posse
770 1365 944 1400 converti
979 1364 1034 1399 III

321 1424 399 1467 695,
428 1423 483 1458 25.
511 1423 591 1469 696,
619 1423 673 1458 29.

368 1484 412 1519 A.
437 1483 659 1528 Iohannem,
684 1495 708 1519 a
731 1494 805 1529 quo
834 1484 1031 1529 Pelagium

320 1541 479 1577 multum
505 1542 613 1588 diligi
635 1542 851 1587 audiverat,
873 1542 1031 1586 monuit,

320 1605 360 1635 ut
393 1599 496 1635 illum
530 1605 697 1644 caveret,
730 1610 776 1635 ne
808 1601 856 1635 ab
887 1610 931 1636 eo
965 1599 1032 1635 fal-

319 1657 460 1693 leretur
496 1658 549 1692 ΙΙΙ
583 1658 660 1703 691,
695 1658 749 1693 22.
783 1658 862 1703 693,
894 1658 950 1693 30.
984 1658 1032 1692 ab

319 1715 453 1751 eodem
505 1716 646 1760 petivit
694 1721 805 1761 gesta
853 1715 1031 1751 ecclesia-

319 1773 428 1819 stica,
480 1774 618 1820 quibus
671 1774 774 1819 apud
826 1774 1031 1818 episcopos

318 1832 541 1875 provinciae
574 1832 818 1868 Palaestinae
851 1832 1032 1877 Pelagius

318 1890 589 1933 perhibebatur
628 1900 711 1925 esse
751 1895 939 1935 purgatus
977 1890 1030 1924 III

318 1948 396 1992 695,
420 1948 455 1992 93
482 1948 528 1989 cf.
553 1948 631 1992 658,
655 1948 687 1983 6.
710 1946 792 1993 670,
817 1948 870 1983 11.
895 1948 973 1993 727,
1000 1948 1029 1983 1.

318 2006 369 2039 IV
401 2007 457 2051 47,
490 2007 521 2040 4.
557 2006 806 2041 Innocentius
841 2006 912 2041 sibi
948 2016 1030 2050 per-

319 2064 472 2098 suaderi
513 2074 590 2099 non
630 2074 744 2108 posse
784 2064 883 2100 dixit
923 2063 1030 2099 Pela-

317 2122 420 2165 gium
447 2132 530 2157 esse
557 2126 763 2167 purgatum
790 2121 844 2155 III
872 2122 949 2166 726,
976 2122 1029 2156 15.

317 2179 456 2215 litteris
492 2180 646 2214 Herotis
681 2184 719 2215 et
752 2179 899 2224 Lazari,
934 2190 1029 2225 quas

316 2237 473 2272 Orosius
517 2237 742 2282 tradiderat,
787 2237 897 2273 lectis
941 2237 1030 2273 Car-

316 2295 544 2341 tliaginense
579 2295 783 2330 concilium
815 2300 853 2331 et
884 2295 1029 2331 Milevi-

316 2358 447 2388 tanum
479 2353 731 2389 adverterunt
762 2353 959 2398 Pelagium
991 2357 1029 2388 et

314 2410 546 2446 caelestium
570 2415 747 2446 auctores
771 2411 909 2446 nefarii
924 2421 1029 2456 pror-

317 2478 381 2503 sus
409 2473 446 2504 et
474 2469 522 2504 ab
549 2469 725 2504 omnibus
754 2469 1027 2504 anathemandi

316 2526 456 2562 erroris
487 2537 571 2562 esse
604 2526 658 2560 Ill
691 2527 770 2570 653,
802 2527 855 2562 13.
887 2527 966 2571 667,
994 2527 1027 2561 3.

318 2584 444 2629 itaque
486 2585 559 2619 nisi
599 2595 748 2620 errores
789 2595 879 2619 suos
919 2594 1027 2628 aper-

314 2642 460 2677 tissime
507 2641 875 2687 anathemavissent,
923 2642 1027 2686 ipsos

315 2700 551 2734 anatliema-ri
587 2704 764 2744 oportere
799 2703 1030 2735 censuerunt

316 2757 369 2791 III
401 2758 479 2802 654,
513 2758 566 2801 13,
598 2757 635 2793 id
668 2758 769 2803 quod
804 2758 851 2792 ad
885 2767 1025 2802 papam

317 2815 580 2850 Innocentium
625 2815 846 2851 detulerunt
888 2815 1026 2851 litteris

954 147 1097 185 Index
1122 147 1166 184 V.

1131 264 1197 297 175
1225 268 1262 299 et
1291 263 1370 306 1763
1398 264 1563 300 accessit
1591 274 1650 309 ep.
1680 264 1841 300 familia-

1127 320 1179 355 ris
1212 322 1288 366 177,
1320 332 1434 367 quam
1467 323 1634 368 quinque
1667 322 1841 367 episcopi

1128 379 1174 414 de
1199 379 1333 414 eadem
1357 389 1476 415 causa
1498 381 1547 415 ad
1572 380 1839 416 Innocentium

1126 437 1315 472 miserunt
1364 437 1562 483 aliquanto
1615 438 1840 484 diligentius

1128 495 1311 539 scriptam
1345 494 1397 529 IV
1431 496 1487 540 47,
1522 496 1553 531 8.
1587 496 1666 541 389,
1701 497 1755 531 14.
1789 495 1839 531 ad

1127 563 1222 597 quas
1275 553 1425 588 litteras
1478 553 1728 589 Innocentius
1783 564 1838 589 re-

1126 611 1283 654 spondit
1328 611 1468 646 litteris
1516 611 1592 646 181.
1638 612 1715 647 182.
1762 612 1838 646 183.

1124 679 1284 714 quarum
1322 669 1490 704 omnium
1526 679 1704 705 senarum
1739 669 1839 705 litte-

1124 736 1250 761 rarum
1281 727 1456 771 exempla
1486 727 1530 761 A.
1561 727 1610 762 ad
1639 727 1840 762 Paulinum

1124 784 1175 819 IV
1220 785 1276 830 47,
1323 785 1366 819 12
1411 789 1450 820 et
1494 785 1544 820 ad
1588 784 1836 820 Valentinum

1122 842 1352 877 monachum
1398 842 1503 878 misit
1558 843 1610 877 IV
1653 843 1733 889 389,
1779 842 1835 885 123

1122 899 1325 935 Innocenti
1347 900 1561 936 litterarum
1586 901 1764 946 exempla
1787 900 1835 935 ad

1123 957 1305 1003 Optatum
1338 968 1489 1004 quoque
1521 958 1574 993 IV
1610 959 1685 1004 157,
1719 958 1772 994 18.
1805 958 1836 993 si

1120 1015 1302 1062 Pelagius
1360 1016 1646 1061 episcopalibus
1703 1017 1836 1062 gestis,

1121 1085 1219 1120 quae
1258 1074 1297 1110 in
1334 1075 1482 1112 oriente
1520 1074 1699 1110 confecta
1734 1074 1835 1110 dice-

1120 1132 1269 1177 bantur,
1301 1132 1417 1167 etiam
1448 1142 1574 1177 papae
1608 1132 1833 1168 Innocentio

1121 1190 1219 1225 iuste
1273 1190 1380 1225 visus
1435 1190 1571 1226 fuisset
1623 1190 1834 1234 absolutus,

1119 1258 1287 1284 errorem
1317 1252 1447 1284 tamen
1476 1248 1601 1293 ipsum
1634 1254 1673 1284 et
1702 1248 1834 1292 impie-

1119 1311 1237 1342 tatem
1269 1306 1385 1342 etiam
1417 1306 1649 1342 auctoritate
1679 1310 1834 1351 aposto-

1118 1364 1214 1400 licae
1251 1365 1354 1400 sedis
1389 1364 1714 1400 anathemandam
1749 1374 1833 1399 esse

1119 1423 1268 1458 censuit
1295 1422 1500 1458 concilium
1526 1422 1832 1468 Carthaginense

1119 1483 1174 1518 III
1210 1484 1289 1529 658,
1326 1485 1358 1520 6.
1393 1484 1593 1530 Pelagium
1628 1489 1667 1520 et
1702 1483 1833 1519 Caele-

1119 1541 1234 1577 stium
1290 1542 1330 1577 in
1384 1542 1551 1578 ecclesia
1604 1542 1734 1578 sanari
1791 1551 1830 1576 se

1117 1599 1230 1636 malle
1258 1611 1372 1645 quam
1399 1600 1609 1644 desperata
1634 1600 1757 1635 salute
1785 1599 1832 1634 ab

1117 1658 1282 1694 ecclesia
1308 1658 1474 1694 resecari
1502 1657 1716 1693 declaravit
1745 1667 1832 1692 con-

1118 1716 1246 1751 cilium
1275 1716 1539 1751 Milevitanum
1566 1715 1621 1750 ΙΙΙ
1645 1716 1724 1761 667,
1749 1716 1770 1750 4
1793 1718 1832 1750 et

1118 1774 1161 1809 A.
1193 1774 1248 1808 III
1282 1774 1361 1819 274,
1394 1774 1425 1809 2.
1460 1774 1539 1819 690,
1574 1774 1628 1809 10.
1662 1774 1830 1819 quinque

1117 1832 1291 1877 episcopi
1318 1832 1500 1876 scriptam
1526 1833 1574 1867 ab
1598 1842 1674 1867 uno
1699 1842 1830 1867 eorum

1116 1891 1165 1925 ad
1215 1890 1414 1936 Pelagium
1464 1890 1669 1934 epistulam
1719 1889 1830 1924 Inno-

1117 1948 1244 1983 centio
1265 1949 1463 1993 miserunt‚
1484 1953 1525 1983 ut
1547 1959 1630 1983 eam
1652 1947 1701 1983 ad
1724 1947 1828 1982 illum

1115 2006 1282 2051 dirigere
1319 2006 1401 2050 ipse
1437 2006 1567 2050 potius
1604 2006 1829 2051 dignaretur

1117 2063 1170 2098 ΙΙΙ
1206 2064 1286 2109 684,
1322 2065 1375 2098 14.
1411 2063 1610 2109 Pelagium
1644 2063 1719 2098 iam
1755 2062 1829 2097 for-

1115 2126 1219 2157 tasse
1249 2126 1462 2157 correctum
1493 2131 1577 2158 esse
1610 2121 1653 2156 A.
1683 2125 1732 2166 et,
1764 2120 1827 2166 qui

1115 2189 1200 2214 cum
1226 2190 1270 2215 eo
1297 2183 1417 2224 erant,
1443 2179 1617 2224 episcopi
1633 2179 1670 2213 in
1686 2189 1745 2223 ep.
1763 2179 1827 2213 177

1114 2238 1386 2283 opinabantur,
1448 2237 1550 2283 quod
1601 2241 1643 2272 ut
1693 2246 1826 2272 verum

1114 2300 1226 2340 esset,
1271 2296 1510 2339 exoptabant
1553 2294 1608 2329 III
1649 2294 1728 2339 671,
1773 2294 1826 2328 14.

1115 2353 1213 2388 idem
1242 2353 1416 2398 episcopi
1445 2353 1642 2398 Pelagium
1670 2352 1827 2387 anathe-

1113 2421 1216 2446 mare
1248 2411 1387 2446 debere
1421 2410 1565 2455 scripta
1597 2421 1667 2445 sua
1696 2414 1825 2454 postu-

1114 2469 1245 2504 labant.
1278 2473 1355 2513 aut,
1391 2469 1423 2503 si
1458 2479 1504 2504 ea
1538 2478 1621 2503 esse
1658 2478 1727 2503 sua
1763 2477 1825 2502 ne-

1112 2531 1233 2571 garet,
1293 2526 1541 2561 anathemare
1599 2530 1729 2560 tamen
1788 2528 1826 2559 et

1113 2585 1297 2620 damnare
1321 2584 1375 2618 III
1401 2584 1479 2628 683,
1508 2584 1563 2627 10,
1591 2584 1636 2623 cs.
1665 2583 1743 2627 675,
1771 2582 1823 2617 19.

1113 2647 1248 2677 contra
1287 2642 1517 2687 Pelagianos
1556 2651 1681 2685 papae
1723 2640 1824 2675 Zosi-

1111 2710 1172 2734 mo
1207 2700 1254 2735 de
1291 2700 1473 2734 Africano
1509 2698 1671 2733 concilio
1706 2698 1823 2741 scrip-

1112 2763 1190 2792 tum
1226 2762 1285 2793 est
1318 2757 1475 2802 eiusque
1510 2757 1737 2800 rescriptum
1774 2755 1822 2790 ad

1113 2815 1314 2850 universos
1343 2815 1461 2849 totius
1488 2814 1591 2848 orbis
1618 2814 1822 2858 episcopos
