2078 3054
895 163 1038 201 Index
1065 164 1110 201 V.

1691 153 1776 194 333

277 286 314 316 et
335 280 474 325 ubique
494 283 614 315 totum
637 284 705 323 est,
725 279 831 314 venit
849 283 988 323 autem,
1023 291 1046 314 v
1063 291 1082 315 e
1097 291 1113 314 r
1129 291 1152 314 u
1192 290 1225 315 v.
1265 280 1482 315 asteriscus.
1523 280 1777 325 septuaginta.

279 349 363 373 cum
386 338 664 380 manifestatur,
687 341 734 375 et.
756 347 839 371 cum
863 335 988 371 occul·
1023 337 1055 368 V
1070 347 1090 372 e
1105 348 1121 371 r
1135 347 1209 377 us,

278 400 392 439 tatur,
449 394 637 437 abscedit3
696 395 805 429 adest
862 397 989 428 tamen

278 454 361 488 sive
394 452 584 488 occultum
620 452 700 487 sive
734 451 989 495 manifestum,

279 511 315 545 id
355 510 455 555 quod
495 510 538 544 Α.
579 508 888 544 similitudinibus
927 519 988 543 ex-

280 568 396 612 plicat
461 578 507 602 ex
574 566 747 601 sensibus
813 565 986 600 humanis

278 625 403 659 ductis
438 624 489 658 III
526 624 601 666 105.
634 625 665 659 3.
700 624 797 658 idem
831 621 988 658 verbum

279 682 338 716 dei
382 681 718 716 circumlocutione
762 661 1005 715 adumbrare*

278 744 439 774 conatur
466 740 516 774 IV
544 740 622 783 514,
650 740 704 774 27.

232 797 612 832 Vercellensis
648 808 680 832 v.
714 797 911 832 Eusebius.

232 854 602 890 Verecundus.
640 854 835 889 familiaris
872 864 988 899 quon-

278 913 364 947 ‹lam
392 913 435 946 Α.
461 912 475 946 1
504 912 556 947 15.
584 913 637 946 10.

234 969 515 1013 Vergilius
543 969 556 1003 I
584 970 638 1012 41,
666 969 721 1003 23.
749 969 905 1012 111543,
933 969 987 1003 17.

280 1026 381 1061 Maro
420 1026 434 1060 Ι
472 1026 526 1065 42,
567 1027 619 1061 18.
657 1026 711 1060 21.
750 1026 800 1060 ΙΙΙ
840 1026 917 1070 114,
954 1027 987 1061 3.

280 1083 482 1119 Saturnum
505 1088 619 1128 atque
642 1083 752 1117 huius
775 1083 875 1117 modi
896 1084 988 1118 deos

278 1141 360 1175 vult
405 1141 572 1187 intellegi
615 1141 800 1183 homines,
843 1141 989 1186 legerat

279 1199 376 1233 enim
429 1199 628 1243 mysticam
679 1198 875 1232 historiam
925 1208 988 1232 ve-

279 1260 381 1290 tusta
430 1256 659 1291 auctoritate
708 1256 925 1290 roboratam
974 1255 987 1289 I

278 1315 332 1348 43.
366 1315 399 1348 3.
433 1314 533 1358 quod
569 1324 614 1348 ex
648 1314 825 1358 Cymaeo,
861 1313 897 1348 id
931 1316 986 1348 est

279 1370 462 1414 sibyllino
497 1371 662 1405 carmine
697 1382 735 1405 se
770 1371 895 1405 fassus
931 1374 988 1404 est

279 1428 520 1463 transtulisse
563 1428 762 1472 Vergilius,
804 1439 878 1462 non
920 1433 987 1462 est.

280 1485 339 1518 cui
405 1485 514 1519 alteri
581 1488 731 1529 praeter
794 1485 985 1519 dominum

278 1541 469 1577 Christum
500 1542 603 1577 dicat
633 1553 752 1587 genus
784 1543 987 1577 humanum

281 1599 329 1632 IV
360 1600 439 1643 609,
471 1600 523 1635 13.
556 1599 783 1635 Mantuanus
815 1601 942 1635 rhetor
973 1601 987 1634 Ι

277 1657 333 1700 39,
356 1657 387 1691 7.

234 1713 568 1749 Verimodum
618 1715 708 1749 dicit
758 1715 801 1748 Α.
851 1715 987 1758 pignus

279 1771 383 1815 pacis
408 1771 507 1815 apud
533 1771 687 1806 Darium
712 1771 924 1816 depositum
950 1775 988 1806 et

279 1828 428 1872 utrique
457 1828 717 1863 dulcissimum
746 1829 795 1863 IV
825 1829 902 1863 510.
934 1829 986 1863 19.

279 1895 362 1919 cum
411 1885 593 1920 salutavit
641 1886 689 1919 lv
737 1887 814 1922 498.
862 1887 907 1920 20
951 1891 988 1920 ct

280 1941 517 1986 verimodus,
555 1943 655 1987 quod
694 1943 753 1978 ille
794 1944 849 1977 sui
887 1953 987 1978 men-

279 1999 419 2034 tionem
460 2000 626 2043 fecisset,
665 2000 732 2041 sibi
772 2001 987 2044 gratulatus

280 2056 548 2091 salutationem
572 2057 735 2092 reddidit
759 2058 809 2092 lV
831 2059 910 2101 503,
935 2059 986 2092 17.

233 2113 264 2146 V
281 2124 331 2147 er
348 2113 465 2148 inus
489 2114 666 2157 vicarius,
690 2115 736 2149 ad
759 2125 869 2159 quein
892 2115 987 2149 Con-

279 2171 469 2205 stantinus
522 2172 723 2216 imperator
776 2173 881 2206 dedit
930 2172 988 2206 lit-

279 2232 391 2270 teras,
441 2228 502 2262 ubi
551 2228 772 2263 Donatistas
820 2230 988 2273 graviter

279 2285 541 2320 detestabatur
575 2286 626 2320 111
659 2286 737 2329 243,
770 2287 800 2320 7.

234 2341 482 2386 Verinus,
524 2354 587 2387 per
625 2354 747 2387 quem,
787 2348 825 2378 ut
866 2344 987 2378 Timo-

279 2400 389 2434 theus
436 2400 675 2435 ordiiiaretur
721 2400 988 2444 subdiaconus,

279 2456 421 2491 factum
437 2467 519 2491 esse
535 2458 719 2502 comperit
735 2458 776 2491 A.
793 2458 823 2492 ΙΙ
841 2458 987 2502 227,10.

234 2514 456 2548 vermis:
504 2514 549 2549 de
595 2515 714 2549 vermi
760 2515 909 2550 Christo
954 2515 989 2550 ΙΙ

279 2571 358 2613 574,
406 2572 457 2605 19.
500 2572 579 2607 575.
623 2573 771 2607 9-576.
817 2574 868 2607 16.
913 2583 988 2617 quo

281 2628 392 2662 modo
453 2629 595 2663 dictum
656 2640 738 2664 esse
798 2630 987 2664 videatur:

282 2684 374 2728 ‘Ego
404 2689 530 2720 autem
563 2697 643 2720 sum
675 2687 813 2722 vermis
845 2692 882 2722 et
914 2698 990 2722 non

281 2742 404 2775 lio-‚no‘
441 2742 489 2776 lll
528 2744 604 2778 171.
641 2744 808 2779 11—172.
846 2746 897 2778 16.
934 2744 988 2779 22.

285 2799 359 2833 174.
388 2800 439 2833 111.

1271 338 1437 372 vicarius
1500 338 1777 382 praefectorum

1070 405 1136 439 per
1172 395 1350 438 Africam.
1386 395 1445 429 vir
1479 395 1778 440 perfectissimus

1072 452 1103 486 II
1128 452 1206 496 410,
1229 454 1260 487 4.

1023 509 1239 553 Vestae,
1277 509 1399 554 inquit
1435 510 1620 545 Maximus
1657 521 1779 555 gram-

1070 567 1243 610 maticus,
1300 567 1383 611 quis
1443 567 1541 602 ferat
1598 567 1779 612 praeferri

1072 623 1293 659 Sanamem?
1322 624 1335 658 I
1361 625 1417 669 38,
1447 625 1476 659 1.

1023 684 1178 716 veste
1218 681 1432 725 dealbatus3
1472 681 1567 717 albis
1607 681 1778 717 vestibus

1071 739 1266 773 candidari
1296 739 1328 772 ΙΙ
1356 739 1410 782 24,
1438 739 1470 773 5.
1498 739 1553 782 25,
1582 739 1612 773 2.

1023 795 1369 839 Vetustinus,
1412 796 1634 832 miserabilis
1677 807 1779 841 puer,

1071 853 1299 888 serviturum
1334 864 1373 888 se
1406 864 1489 889 esse
1522 854 1594 890 deo
1629 854 1779 898 pollice-

1070 910 1195 953 batur;
1230 911 1295 946 sed
1330 914 1495 946 aetatem
1529 911 1779 946 robustiorem

1070 972 1107 1002 et
1151 972 1385 1003 transactum
1430 968 1602 1003 timorem
1647 979 1779 1013 expec-

1070 1025 1188 1060 tanda
1219 1036 1302 1060 esse
1334 1025 1520 1061 censebat
1546 1026 1589 1060 A.
1621 1035 1780 1070 eumque

1070 1082 1228 1117 Paulino
1283 1083 1563 1118 commendavit
1618 1083 1780 1128 peregri-

1071 1144 1223 1175 nantem
1251 1140 1284 1174 ΙΙ
1312 1141 1343 1176 6.
1372 1141 1425 1174 22.

1024 1208 1046 1230 ν
1063 1197 1073 1231 i
1089 1207 1106 1231 c
1122 1196 1175 1231 ar
1190 1198 1200 1232 i
1215 1209 1238 1232 u
1255 1208 1272 1232 s
1295 1198 1572 1241 praefectorum
1596 1208 1660 1243 per
1682 1198 1779 1232 Afri-

1070 1266 1152 1290 cam
1178 1255 1211 1289 ΙΙ
1238 1256 1316 1293 410.
1341 1256 1373 1289 5.

1026 1312 1230 1357 Victor,
1271 1313 1472 1357 episcopus
1514 1313 1706 1348 Romanus
1747 1313 1776 1347 Il

1072 1371 1148 1414 153,
1174 1370 1227 1405 16.

1026 1427 1053 1460 V
1072 1428 1213 1462 ictor
1259 1438 1395 1462 nomen
1442 1433 1500 1462 est
1546 1428 1656 1463 trium
1705 1428 1779 1472 cpi-

1068 1495 1280 1529 scoporum.
1301 1485 1365 1533 qui
1385 1485 1422 1519 in
1443 1485 1603 1520 concilio
1624 1486 1778 1520 Cartha-

1069 1542 1216 1586 ginensi
1267 1543 1473 1577 adfuerunt
1522 1543 1572 1577 ΙΙΙ
1619 1543 1697 1578 652,
1745 1544 1777 1577 5.

1069 1602 1147 1636 653.
1175 1602 1204 1644 1,
1229 1604 1267 1635 et
1291 1601 1462 1637 duorum.
1487 1602 1550 1645 qui
1574 1601 1775 1635 adfuerunt

1071 1658 1107 1692 in
1146 1659 1307 1692 concilio
1348 1658 1567 1693 Milevitano
1608 1658 1658 1692 III
1700 1659 1778 1701 663,

1069 1716 1100 1749 4.
1127 1716 1158 1749 5.

1022 1772 1053 1805 V
1072 1772 1113 1807 ic
1130 1776 1145 1806 t
1159 1783 1180 1807 o
1198 1783 1229 1807 r.
1294 1772 1495 1817 episcopus
1559 1773 1778 1817 provinciae

1070 1830 1340 1865 caesariensis.
1362 1831 1421 1865 cui
1445 1830 1575 1864 relicto
1599 1831 1636 1864 in
1657 1840 1778 1875 poena

1070 1897 1254 1931 nusquam
1281 1887 1350 1921 nisi
1377 1888 1411 1921 in
1436 1887 1602 1922 dioecesi
1627 1888 1706 1922 eius
1732 1887 1778 1921 ab

1067 1944 1193 1988 aliquo
1216 1944 1566 1979 communicabatur
1587 1945 1778 1989 episcopo.

1069 2001 1231 2036 clamare
1253 2002 1389 2046 potuit:
1414 2003 1501 2036 ‘Aut
1522 2001 1659 2046 ubique
1680 2013 1778 2036 corn-

1070 2060 1260 2093 municarc
1308 2059 1419 2093 ‹lcbui
1468 2064 1531 2094 aut
1581 2060 1692 2093 ctiam
1742 2060 1777 2093 in

1070 2116 1161 2150 meis
1219 2117 1312 2151 locis
1369 2117 1647 2151 conununicarc
1706 2127 1779 2150 non

1070 2173 1193 2208 debui·
1223 2174 1269 2207 lV
1296 2175 1375 2210 351.
1402 2174 1455 2208 12.

1027 2231 1202 2266 Victor.
1224 2231 1438 2265 Proculiani
1461 2231 1669 2275 presbyter.
1691 2241 1777 2265 num

1070 2299 1145 2321 non
1178 2289 1246 2322 hoc
1281 2288 1328 2323 ab
1360 2289 1540 2333 episcopo
1576 2299 1644 2323 suo
1679 2299 1778 2322 man-

1069 2345 1198 2379 datum
1241 2346 1464 2389 accepisset,
1507 2346 1608 2390 quod
1650 2346 1778 2380 officio

1071 2402 1219 2446 publico
1240 2403 1484 2446 renuntiavit.
1506 2403 1549 2437 Α.
1570 2403 1778 2447 comperire

1069 2459 1223 2494 volebat
1259 2460 1289 2494 II
1323 2461 1378 2503 25,
1413 2461 1467 2495 25.
1503 2461 1557 2496 27.
1591 2460 1645 2495 23.
1680 2460 1777 2494 idem

1070 2517 1268 2561 presbyter
1328 2519 1370 2551 A.
1431 2528 1514 2552 cum
1575 2518 1652 2552 suis
1714 2528 1778 2562 per

1071 2574 1301 2618 Spanianum
1340 2578 1560 2610 transeunte
1598 2579 1703 2609 stans
1743 2575 1778 2608 in

1069 2632 1192 2666 medio
1227 2632 1343 2666 fundo
1379 2632 1589 2667 catholicae
1624 2643 1667 2666 ac
1702 2632 1777 2665 lau-

1068 2688 1204 2723 dabilis
1249 2689 1411 2724 feminae
1457 2699 1552 2724 voce
1598 2689 1778 2733 inpuden-

1070 2746 1215 2780 tissima
1246 2750 1330 2790 post
1360 2757 1425 2781 eos
1455 2746 1634 2781 clamavit
1665 2746 1776 2780 tradi-

1070 2808 1171 2837 tores
1196 2813 1261 2838 cos
1285 2814 1369 2838 csse
1394 2807 1432 2838 et
1455 2807 1717 2848 persecutores
1746 2803 1774 2837 ll
