2078 3054
308 120 392 162 260

355 249 585 284 Primianum
613 248 807 292 componit
835 247 869 282 ΙΙ
898 247 975 292 108,
1000 248 1071 283 3—-

353 307 408 341 26.
438 306 804 341 Maximianistarum
835 305 1001 340 schisma
1031 305 1069 340 in

354 365 526 399 Bizantio
557 367 594 399 et
623 363 661 398 in
688 363 832 408 Tripoli
861 362 1005 398 exarsit
1033 361 1068 397 II

352 423 430 466 469,
472 422 526 457 19.
568 420 809 466 sacrilegium
850 420 1067 455 schismatis

353 479 641 514 Donatistarum
715 478 878 513 concilio
953 477 1084 512 Maxi-⁴

351 537 539 572 mianistis
560 541 616 571 est
639 540 914 581 exaggeratum
934 535 968 569 II
990 535 1067 579 149,

352 595 383 628 2.
428 594 654 629 Donatistae
697 593 871 628 acerrimi
914 593 1083 641 fueruntj

351 655 486 687 contra
513 650 814 686 Maximianistas
843 650 877 685 II
903 650 982 694 456,
1012 650 1066 684 14.

351 720 437 744 cum
480 709 588 753 Core,
632 708 785 743 Dathan
829 711 867 743 et
910 706 1067 751 Abiron‚

351 767 568 802 schismatis
601 765 834 809 auctoribus,
868 775 933 801 eos
967 775 1067 800 com-

351 827 586 869 paraverunt
619 823 652 858 II
685 823 766 867 328,
801 823 856 859 13.
892 823 958 858 sed
992 821 1066 867 ipsi

350 882 462 927 longe
495 881 638 916 maiore
671 880 813 916 scelere
849 879 1066 916 schismatis

350 939 397 974 ab
431 939 521 975 orbe
557 942 743 974 terrarum
777 937 1066 983 separabantur,

350 1007 462 1042 quam
495 996 597 1042 quod
629 996 668 1031 in
700 995 991 1031 Maximianistis
1024 1005 1064 1030 se

350 1055 551 1090 damnasse
578 1053 842 1099 gloriabantur
867 1053 901 1087 II
927 1053 1005 1097 149,
1031 1054 1083 1090 8..

349 1112 450 1156 quod
506 1111 733 1147 Donatistae
789 1110 963 1146 solebant
1018 1110 1064 1145 de

350 1169 576 1205 sustentatis
616 1168 946 1213 persecutionibus
985 1167 1082 1213 glo-.

350 1227 449 1271 riari,
476 1227 515 1261 in
541 1227 613 1262 hoc
640 1226 751 1261 titulo
778 1225 923 1271 gloriae
948 1225 1064 1260 Maxi-

348 1285 548 1320 mianistae
597 1294 663 1319 eos
710 1283 891 1319 facillime
936 1282 1064 1318 vince-

349 1341 441 1377 bant
466 1342 500 1376 ΙΙ
525 1342 604 1386 627,
632 1342 662 1376 1.
687 1342 723 1385 4;
749 1341 795 1383 ef.
822 1340 876 1375 24.
901 1340 980 1385 328,
1008 1340 1082 1375 18.*

349 1411 413 1444 per
468 1399 613 1435 iudices
669 1398 716 1434 ab
771 1397 1064 1443 imperatoribus

348 1457 548 1493 catholicis
583 1457 720 1492 missos
757 1466 822 1491 eos
858 1459 948 1490 sunt
981 1466 1063 1500 per-

349 1515 471 1551 secuti
514 1514 548 1549 II
591 1514 670 1559 328,
715 1514 771 1557 18;
817 1514 864 1555 cs.
910 1514 987 1558 149,
1030 1514 1063 1547 4.

348 1572 653 1608 Maximianistae
689 1583 712 1606 a
747 1570 960 1607 Donatistis
997 1580 1064 1616 per

347 1630 492 1665 iudices
523 1628 812 1674 expellebantur
842 1632 880 1664 et
910 1628 1064 1664 sedibus

349 1687 671 1732 proturbabantur
715 1686 750 1721 II
792 1686 872 1730 630,
916 1686 971 1722 23.
1015 1686 1079 1726 cf„

350 1746 425 1787 146,
458 1745 514 1779 22.
548 1745 719 1780 damnati
752 1748 790 1779 et
823 1754 889 1789 per
923 1743 1064 1778 iudicia

348 1807 500 1852 publica
544 1807 590 1842 de
635 1805 804 1842 basilicis
850 1804 1063 1850 proturbati

348 1870 386 1904 in
423 1880 491 1905 suo
530 1879 661 1904 rursus
697 1870 842 1904 honore
879 1879 901 1903 a
937 1867 1063 1903 Dona-

348 1933 448 1968 tistis
484 1936 573 1967 sunt
607 1932 750 1977 recepti
784 1931 819 1966 II
851 1931 931 1975 328,
964 1930 996 1965 2.
1030 1930 1080 1964 6.ἶ

349 1995 401 2030 16.
444 1995 524 2039 627,
566 1994 621 2029 25.
661 1993 714 2028 111
753 1994 810 2038 37,
850 1993 905 2028 21.
947 1983 1080 2027 Maxi-2

347 2057 557 2100 mianistas,
619 2066 715 2100 quos
776 2055 813 2090 in
875 2054 1062 2099 sacrilego

348 2119 552 2154 schismate
605 2118 885 2152 damnaverant
935 2120 973 2152 et
1025 2117 1063 2152 in

347 2191 477 2216 corum
514 2181 587 2215 iam
621 2180 747 2215 locum
782 2179 877 2214 alios
912 2177 1062 2213 ordina-

346 2247 493 2287 verant,
538 2242 767 2278 Donatistae
811 2244 1062 2286 posteaquam

343 2306 522 2341 viderunt
541 2304 590 2340 ab
609 2304 663 2339 eis
683 2304 845 2349 populos
864 2313 941 2338 non
959 2312 1061 2337 rece·
1077 2344 1079 2353 .

347 2368 448 2411 dere,
493 2378 539 2402 ne
585 2376 716 2401 omnes
763 2365 977 2410 perderent,
1024 2363 1079 2415 in}

348 2425 426 2461 suis
451 2424 658 2460 honoribus
682 2426 910 2467 receperunt
932 2422 983 2457 IV
1005 2418 1079 2465 41,!

348 2488 405 2532 143
430 2487 477 2529 cf.
502 2486 536 2521 ΙΙ
560 2486 640 2529 328,
664 2485 719 2520 16.
744 2485 796 2518 III
821 2484 877 2528 37,
902 2483 957 2518 25.
982 2469 1079 2527 646st

347 2550 379 2584 4.
408 2559 494 2584 cum
523 2547 716 2582 Feliciano
747 2550 785 2582 et
814 2532 1079 2581 Praetextatoi

347 2611 461 2646 etiam
508 2609 874 2645 Maximianistarum
919 2585 1079 2652 baptis-i

348 2677 448 2709 fnum
481 2675 707 2718 receperunt
738 2671 773 2705 II
806 2671 884 2714 147,
916 2670 950 2705 9.
980 2646 1079 2735 3252}

348 2737 402 2771 21.
432 2736 485 2771 III
511 2735 591 2779 646,
617 2735 649 2769 6.
678 2745 702 2769 a
727 2732 941 2768 Donatistis
969 2731 1079 2813 reci-¹

348 2798 520 2843 piebatur
567 2797 780 2841 baptismus
828 2793 1061 2830 Maximiani-

1077 2818 1079 2831 1

1076 2835 1079 2846 ι

1100 1701 1475 1745 Maximianus,

979 132 1123 169 Index
1150 133 1195 169 V.

1153 251 1297 283 starum
1335 251 1373 283 et
1411 248 1687 284 exsufflabatur
1725 248 1867 293 baptis-

1153 315 1235 340 mus
1275 305 1376 341 orbis
1416 309 1602 341 terrarum
1643 306 1676 340 11
1718 307 1795 350 148,
1834 307 1866 341 5.

1153 363 1230 408 149,
1274 364 1306 398 5.
1352 363 1404 397 IV
1447 364 1504 407 41,
1551 364 1605 399 18.
1651 363 1865 399 Donatistis

1152 421 1287 456 merito
1325 421 1419 456 deus
1458 421 1636 465 reddidit,
1673 425 1717 456 ut
1752 421 1867 456 Maxi-

1151 478 1349 513 mianistas
1423 478 1524 523 apud
1597 478 1867 523 Carthaginem

1152 536 1418 571 schismaticos
1440 546 1542 579 suOS,
1564 537 1744 571 Primiani
1765 536 1866 571 dam-

1151 596 1318 638 natores,
1347 596 1456 628 extra
1484 593 1716 628 Primianum
1746 593 1867 639 bapti-

1152 654 1313 695 zatores,
1338 654 1425 695 post
1447 650 1680 685 Primianum
1703 651 1867 696 rebapti-

1152 711 1301 743 zatores
1343 708 1553 743 universali
1593 708 1755 744 concilio
1797 719 1866 744 suo

1151 766 1388 810 damnarent,
1413 769 1456 800 ut
1481 776 1528 801 ex
1553 776 1683 801 eorum
1708 776 1865 802 numero

1151 827 1238 867 post
1269 833 1346 859 non
1380 834 1541 868 parvum
1572 826 1722 868 tempus
1755 834 1867 868 quos-

1150 880 1237 915 dam
1284 881 1321 915 in
1367 880 1574 916 honoribus
1621 881 1867 926 episcopatus

1150 938 1208 972 sui
1258 938 1497 983 susciperent
1545 949 1630 973 cum
1679 938 1867 983 omnibus,

1150 1005 1245 1039 quos
1304 996 1475 1031 damnati
1533 999 1642 1031 extra
1698 995 1866 1041 baptiza-

1149 1056 1289 1088 verunt
1333 1053 1368 1087 II
1413 1053 1491 1098 156,
1536 1053 1592 1089 23.
1638 1053 1866 1089 Donatistae

1150 1110 1394 1155 Felicianum,
1431 1111 1585 1156 quando
1625 1110 1867 1156 expellebant

1149 1167 1196 1203 de
1235 1168 1410 1212 ecclesia,
1450 1168 1549 1204 inter
1586 1168 1788 1204 damnatos
1829 1172 1866 1203 et

1152 1225 1361 1261 sceleratos
1377 1229 1416 1260 et
1428 1225 1731 1261 Maximianistas
1746 1226 1858 1270 depu-

1149 1286 1331 1318 taverunt
1364 1283 1398 1318 II
1430 1283 1509 1327 247,
1543 1284 1597 1318 10.
1631 1283 1864 1318 Maximiani-

1149 1344 1293 1376 starum
1326 1341 1492 1376 schisma
1524 1344 1562 1376 et
1594 1341 1865 1383 inconstantia,

1147 1408 1223 1442 qua
1241 1398 1469 1434 Donatistae
1489 1398 1676 1434 adversus
1698 1408 1763 1434 eos
1784 1402 1863 1434 ute-

1147 1455 1298 1500 bantur,
1361 1456 1582 1500 effecerunt,
1644 1459 1687 1491 ut
1750 1456 1863 1491 solito

1149 1513 1318 1548 crebrius
1372 1514 1544 1549 homines
1599 1514 1762 1549 correcti
1815 1513 1863 1548 ad

1147 1571 1349 1606 ecclesiam
1409 1571 1637 1607 catholicam
1698 1571 1865 1606 redirent

1149 1628 1200 1662 IV
1229 1628 1283 1672 16,
1311 1628 1436 1664 2-15.

1539 1699 1603 1744 qui
1665 1697 1864 1733 dicebatur

1148 1770 1232 1795 esse
1267 1759 1409 1794 Donati
1442 1757 1679 1803 propinquus
1714 1755 1748 1789 II
1786 1754 1863 1797 108,

1146 1818 1179 1862 3,
1215 1828 1239 1852 a
1275 1815 1489 1852 Donatistis
1526 1814 1628 1860 apud
1665 1812 1862 1856 Carthagi-

1147 1886 1232 1910 nem
1274 1874 1441 1910 schisma
1481 1872 1573 1907 fecit
1612 1871 1646 1905 II
1689 1870 1766 1913 115,
1807 1869 1862 1903 15.

1147 1932 1333 1967 diaconus
1357 1931 1459 1976 apud
1481 1929 1752 1973 Carthaginem
1774 1937 1862 1962 con-

1147 1994 1206 2024 tra
1239 1989 1461 2034 episcopum
1495 1997 1605 2022 suum
1640 1983 1862 2029 superbiens

1146 2058 1167 2081 a
1201 2045 1428 2091 quibusdam
1464 2044 1731 2089 episcoporum
1765 2041 1861 2077 eius-

1147 2105 1232 2139 dem
1257 2103 1377 2148 partis
1401 2103 1505 2138 facto
1531 2101 1736 2137 schismate
1762 2102 1801 2133 et
1824 2098 1861 2132 in

1147 2161 1255 2206 plebe
1299 2159 1543 2205 Carthaginis
1586 2157 1712 2193 divisa
1755 2159 1861 2201 parte

1078 2223 1079 2257 ζ
1147 2219 1288 2254 Donati
1325 2217 1524 2253 ordinatus
1563 2219 1621 2251 est
1657 2214 1861 2259 episcopus

1147 2280 1282 2311 contra
1310 2275 1533 2320 episcopum
1562 2273 1613 2307 IV
1644 2273 1697 2316 15,
1728 2271 1784 2313 183
1814 2271 1860 2312 cf.

1147 2334 1181 2368 ΙΙ
1212 2334 1291 2377 615,
1324 2332 1379 2367 28.
1414 2342 1481 2376 per
1511 2330 1689 2366 feminam
1723 2338 1806 2364 sese
1839 2338 1861 2362 a

1146 2390 1326 2425 Primiani
1363 2388 1628 2425 communione
1664 2384 1861 2431 praecidit.

1146 2450 1382 2493 congregata
1403 2446 1670 2491 episcoporum
1692 2443 1859 2478 factione

1146 2505 1376 2540 Primianum
1421 2502 1620 2538 damnavit
1664 2501 1859 2536 absentem

1147 2567 1185 2598 et
1209 2563 1395 2597 adversus
1422 2571 1507 2596 eum
1533 2560 1735 2604 episcopus
1762 2557 1859 2592 ordi-

1146 2624 1259 2655 natus
1292 2622 1350 2654 est
1380 2618 1414 2653 II
1447 2618 1525 2662 108,
1556 2618 1589 2653 3.
1620 2616 1674 2651 23.
1707 2618 1859 2651 centum

1146 2678 1263 2712 ferme
1332 2675 1502 2721 episcopi
1572 2666 1858 2708 Donatistarum

1146 2735 1313 2770 factione
1360 2731 1567 2768 damnabili
1613 2741 1698 2766 cum
1744 2728 1860 2763 Maxi-

1145 2793 1272 2828 miano
1319 2791 1587 2835 conspirantes
1635 2788 1719 2823 ausi
1767 2790 1856 2821 sunt
