2078 3054
852 143 990 180 Index
1019 141 1063 178 V.
1647 129 1725 169 141

228 276 434 310 numerum,
472 268 513 300 ut
550 263 700 298 facilius
736 260 957 305 memoriae}
1021 260 1078 294 vic.
1126 259 1361 300 obrreretur,
1408 256 1625 292 Marcellino
1671 256 1733 290 de-

231 328 457 363 mandentur
499 323 794 366 distinctiusque
837 325 938 355 tene-

230 393 342 424 antur
366 388 417 422 lV
442 386 521 429 421,
547 385 599 419 15.
625 384 772 418 litteras
798 381 840 415 A.
865 379 940 425 epi-

230 459 369 493 scopus
396 445 601 490 aliquando
628 442 817 478 scribebat
843 451 942 476 com-

231 508 432 544 mendandi
485 505 646 541 alicuius
697 502 832 548 gratia.
883 501 943 536 cui

232 570 303 604 hoo
345 578 484 612 negare
525 576 601 601 non
642 568 791 609 poterat
834 563 943 597 inter-

232 628 417 663 cessionis
464 626 605 662 officio.
653 634 750 668 quae
799 622 944 657 solebat

238 689 319 724 eius
363 698 438 722 esst
488 685 664 720 omnibus
708 682 943 718 concedendi

235 748 473 784 consuetudo
500 746 551 780 III
575 747 655 788 383,
679 745 734 778 22.
761 744 806 778 de
831 742 946 786 anuli,

236 819 311 853 quo
336 808 373 842 in
399 807 585 852 signanda
609 817 667 850 ep.
692 805 735 839 59
759 803 947 846 utebatur,

238 869 358 903 forma
384 868 416 902 ΙΙ
444 867 521 911 220,
548 867 602 900 21.

287 937 497 972 Hebraeam
563 935 732 980 linguam
799 933 842 967 A.
909 942 948 967 se

239 998 414 1042 ignorare
436 996 527 1032 dicit
551 996 583 1030 11
603 996 683 1039 543,
706 996 759 1038 10,
780 994 949 1029 Graecae

240 1069 315 1093 non
363 1062 445 1093 erat
492 1057 646 1102 ignarus
694 1055 745 1089 IV
792 1054 872 1099 620,
919 1055 951 1089 8.

241 1119 386 1163 statuit,
433 1122 616 1163 quantum
663 1115 731 1150 sibi
775 1115 826 1152 ab
868 1114 952 1149 aliis

240 1179 569 1224 occupationibus
617 1188 710 1222 quas
758 1176 953 1218 ecclesiae,

246 1240 307 1275 cui
363 1240 514 1284 proprio
570 1248 724 1273 munere
781 1236 952 1279 serviret.

246 1301 457 1336 necessitas
474 1300 676 1344 flagitaret,
692 1298 847 1332 daretur
863 1300 952 1330 tern-

244 1361 357 1405 poris.
386 1360 422 1395 id
452 1364 573 1394 totum
603 1358 808 1402 inpendere
836 1356 956 1391 labori

245 1421 456 1456 studiorum
495 1419 542 1454 ad
579 1418 861 1454 ecclesiasticas
899 1417 956 1451 lit-

245 1486 347 1516 teras
377 1479 647 1525 pertinentium
679 1478 729 1512 111
756 1478 836 1521 392,
864 1478 896 1512 6.
927 1477 957 1511 si

250 1541 402 1585 quando
418 1551 514 1585 opus
531 1543 623 1577 erat.
645 1539 725 1574 dies
747 1542 956 1582 noctesque

247 1602 294 1636 ad
332 1601 446 1636 libros
486 1599 781 1635 conscribendos
818 1599 958 1633 incum-

249 1661 362 1696 bebat
387 1661 437 1695 IV
464 1661 542 1696 452.
570 1661 622 1694 16.
649 1661 726 1702 453,
755 1659 808 1692 12.
834 1659 880 1699 cf.
908 1657 959 1691 Ill

249 1722 326 1765 165,
358 1721 411 1754 12.
441 1719 778 1764 occupatissimum
809 1728 848 1752 se
877 1727 960 1752 esse

250 1781 445 1825 permultis
474 1779 566 1815 locis
595 1779 687 1814 dicit
713 1778 821 1813 velut
846 1778 877 1812 lI
906 1778 959 1812 70.

252 1842 282 1875 1.
312 1841 389 1883 137,
419 1841 472 1874 19.
501 1840 579 1874 269.
610 1839 663 1873 12.
691 1839 770 1875 539.
800 1838 853 1872 16.
882 1838 960 1879 545,

251 1901 282 1935 2.
313 1901 391 1943 641,
423 1901 476 1934 14.
508 1900 557 1934 111
593 1900 645 1942 16,
677 1899 708 1933 2.
739 1899 818 1941 698,
849 1898 879 1932 2.
911 1897 961 1932 IV

251 1961 307 1998 83,
343 1961 374 1994 6.
410 1960 488 2003 319,
525 1961 578 1994 15.
613 1960 692 1996 610,
727 1960 758 1993 5.
793 1959 872 2001 617,
908 1958 961 1992 19.

253 2024 363 2064 rogat
387 2020 512 2064 igitur,
535 2025 587 2053 ne·
604 2018 777 2063 epistulis
800 2017 962 2053 scriben-

253 2080 310 2114 dis
344 2079 454 2114 nimis
486 2083 667 2122 urgeatur
699 2079 731 2112 11
763 2078 842 2121 641,
875 2078 965 2112 19-

254 2140 333 2183 612,
360 2140 413 2173 11.
439 2143 592 2184 propter
618 2149 746 2173 curam
773 2147 964 2172 sacrarum

256 2200 465 2234 litterarum
499 2199 660 2233 concilio
694 2198 894 2233 Numidiae
928 2201 966 2231 et

256 2259 547 2304 Carthaginensi
583 2260 616 2294 ei
654 2259 855 2303 inpositam
893 2262 967 2292 sta-

257 2324 380 2354 tutum
413 2323 482 2362 est,
516 2324 556 2353 ut
590 2330 654 2363 per
687 2319 852 2363 quinque
885 2318 967 2352 dies

259 2379 505 2414 hebdomadis
552 2389 660 2413 nemo
707 2379 740 2412 ei
786 2370 968 2412 molestus

259 2442 361 2473 esset
390 2438 439 2472 lv
467 2439 546 2481 377,
576 2439 607 2472 2.
635 2439 760 2473 denuo
789 2437 970 2481 Hipponi-

261 2508 370 2534 enses
408 2498 595 2542 obsecrat,
632 2503 672 2532 ut
709 2508 824 2533 onera
861 2507 971 2532 occu-

261 2558 456 2602 pationum
499 2569 650 2593 suarum
694 2558 730 2592 in
772 2558 972 2601 Eraclium,

261 2628 371 2662 quem
431 2629 690 2653 successorem
749 2617 819 2652 sibi
876 2617 973 2653 desi-

261 2682 460 2721 gnaverat,
499 2678 713 2713 transfundi
754 2682 973 2722 paterentur

264 2736 314 2769 lV
354 2738 434 2781 377,
477 2739 529 2771 10.
571 2738 722 2782 quantis
763 2738 973 2772 litterarum

263 2796 496 2840 aliarumque
538 2798 830 2841 occupationmn
872 2808 974 2832 accr-

1024 317 1154 352 scribit
1187 317 1238 351 111
1271 316 1347 360 152,
1377 315 1527 351 5—153.
1559 315 1612 350 19.

1070 387 1321 429 Permagnum
1353 395 1435 420 esse
1465 383 1734 429 opusculorum

1025 455 1178 479 suorum
1220 454 1415 478 numerum
1457 442 1647 486 significat
1685 441 1734 474 lll

1026 502 1105 543 732,
1132 503 1163 537 8.
1193 503 1270 545 7:34,
1298 502 1330 536 5.
1359 511 1456 545 quae
1484 511 1569 535 cum
1598 503 1736 534 retrac-

1027 561 1201 599 tavisset.
1237 558 1442 594 CCXXXII
1479 569 1525 593 ea
1558 568 1642 592 esse
1678 567 1738 591 co-

1028 618 1162 661 gnovit
1186 620 1336 661 praeter
1357 616 1540 660 epistulas
1565 619 1602 649 et
1623 614 1738 649 homi-

1029 675 1098 710 lias
1136 675 1185 709 IV
1222 675 1300 718 453,
1335 674 1373 709 3:
1404 684 1479 718 qua
1514 673 1588 708 fide
1623 673 1739 717 digna

1030 733 1105 767 sint
1133 732 1274 776 scripta
1303 742 1373 766 sua
1399 731 1556 775 exponit
1582 730 1634 765 III
1662 731 1739 766 251.

1029 791 1178 828 6-254,
1213 790 1268 824 22.
1301 791 1382 834 344,
1417 789 1588 833 21-345,
1621 790 1654 823 4.
1690 788 1738 822 IV

1032 849 1108 893 174,
1146 850 1179 883 3.
1218 848 1364 882 ‘contra
1401 847 1663 882 Academicos‘
1702 857 1741 880 se

1031 907 1229 951 scripsisse
1264 905 1368 949 dicit,
1401 904 1503 950 quod
1537 903 1742 939 reducendi

1033 964 1103 999 sibi
1130 964 1351 999 viderentur
1377 963 1548 998 homines
1574 962 1611 996 in
1639 971 1741 1005 spem

1033 1022 1279 1067 reperiendae
1317 1021 1504 1065 veritatis,
1543 1020 1644 1065 quod
1682 1019 1743 1054 dc-

1034 1081 1262 1125 sperandum
1290 1090 1373 1115 esse
1401 1079 1622 1115 docuissent
1650 1078 1744 1113 Aca-

1035 1139 1171 1174 demici
1201 1139 1215 1173 I
1245 1139 1277 1182 2,
1305 1139 1338 1174 3.
1367 1139 1400 1181 3,
1428 1138 1462 1173 5.
1494 1137 1701 1181 Soliloquia
1732 1135 1743 1169 l

1034 1198 1067 1234 5.
1104 1198 1158 1231 22.
1197 1198 1228 1240 8.
1268 1197 1324 1239 17,
1362 1196 1616 1239 Hieronymus
1654 1195 1742 1229 dicit

1036 1256 1239 1300 Augustini
1273 1264 1429 1298 operum
1461 1254 1498 1288 in
1529 1252 1748 1288 Palaestina

1036 1314 1185 1357 copiam
1217 1323 1292 1347 non
1325 1322 1409 1347 esse
1441 1315 1591 1357 praeter
1623 1310 1748 1345 solilo-

1041 1372 1215 1415 quiorum
1232 1375 1267 1405 et
1283 1370 1640 1405 commentariorum
1657 1379 1747 1413 quo—

1038 1430 1197 1464 rundam
1239 1429 1276 1463 in
1316 1428 1482 1473 psalmos
1524 1427 1557 1462 II
1598 1427 1677 1470 262,
1714 1428 1748 1462 3.

1038 1490 1301 1525 brevissimam
1364 1488 1553 1534 quandam
1616 1487 1750 1532 psalmi

1039 1547 1126 1582 XVI
1164 1548 1442 1592 expositionem
1478 1547 1551 1581 iam
1587 1546 1675 1581 olim
1712 1556 1751 1581 se

1040 1606 1248 1641 dictavisse
1275 1606 1368 1641 dicit
1395 1605 1445 1639 III
1471 1604 1551 1648 352,
1580 1605 1632 1638 11.
1659 1604 1752 1638 Pcn-

1041 1663 1274 1707 tateuclium,
1313 1663 1449 1698 idest
1488 1663 1545 1697 ‘de
1586 1661 1752 1696 moribus

1042 1720 1226 1755 ecclesiae
1257 1721 1469 1756 catholicae
1500 1724 1538 1755 et
1567 1721 1613 1755 de
1644 1722 1753 1755 mori-

1042 1778 1110 1814 bus
1146 1779 1463 1815 Manichaeorum‘
1497 1780 1612 1817 libros
1646 1781 1754 1823 duos,

1044 1836 1099 1871 ‘de
1145 1838 1275 1882 genesi
1320 1842 1454 1873 contra
1500 1838 1754 1874 Manicliaeos‘

1043 1897 1158 1933 libros
1194 1899 1301 1941 duos,
1340 1899 1397 1934 ‘de
1432 1909 1524 1933 vera
1560 1899 1754 1944 religionc‘

1044 1957 1224 1992 Paulinus
1252 1958 1300 1992 ab
1326 1959 1465 2003 Alypio
1493 1970 1532 1994 se
1560 1959 1755 2003 accepisse

1046 2018 1174 2052 scribit
1209 2018 1224 2052 1
1258 2019 1312 2054 74.
1349 2019 1405 2054 13:
1440 2020 1486 2060 cf.
1522 2020 1576 2054 78.
1613 2020 1666 2053 12.
1701 2019 1756 2062 79,

1048 2078 1099 2111 17.
1134 2077 1231 2112 idem
1265 2088 1360 2122 opus
1394 2079 1632 2123 Augustinus
1666 2078 1757 2114 Cae-

1050 2137 1187 2172 lestino
1233 2138 1334 2172 misit
1375 2138 1391 2171 I
1434 2139 1488 2174 45.
1532 2139 1564 2183 2.
1610 2139 1756 2183 ‘scripsi

1047 2197 1225 2241 quiddam
1256 2198 1302 2233 de
1332 2198 1523 2233 catholica
1554 2198 1759 2243 religione‘,

1048 2257 1140 2292 dicit
1178 2258 1190 2292 I
1227 2259 1283 2302 35,
1321 2258 1377 2292 21:
1416 2259 1462 2299 cf.
1500 2258 1552 2292 III
1589 2259 1667 2303 513,
1706 2260 1758 2292 10.

1050 2317 1163 2353 libros
1197 2319 1254 2353 ''de
1285 2319 1432 2353 animae
1465 2319 1691 2363 quantitate‘
1724 2323 1761 2354 et

1051 2378 1107 2412 ‘de
1142 2378 1258 2413 libero
1291 2378 1459 2414 arbitrio‘
1494 2379 1641 2413 Evodio
1675 2389 1761 2413 con-

1051 2439 1197 2474 ferente
1235 2449 1363 2473 secum
1401 2449 1445 2474 ac
1484 2439 1761 2474 sermocinante

1051 2499 1278 2543 conscripsit
1308 2498 1360 2533 III
1388 2499 1468 2544 513,
1496 2499 1528 2533 5.
1558 2498 1673 2534 libros
1706 2499 1762 2534 ‘de

1053 2558 1170 2593 libero
1203 2558 1371 2593 arbitrio‘
1405 2558 1563 2594 Paulino
1597 2559 1699 2593 misit
1731 2559 1763 2593 II

1054 2619 1085 2654 7.
1127 2619 1162 2661 2:
1201 2619 1238 2653 in
1280 2618 1483 2654 multorum
1523 2629 1656 2654 manus
1698 2628 1764 2654 eos

1054 2679 1178 2714 exisse
1207 2683 1246 2714 et
1275 2678 1405 2714 haberi
1433 2689 1456 2713 a
1485 2679 1656 2724 plurimis
1685 2679 1764 2724 ipse

1054 2739 1107 2773 ait
1139 2739 1189 2773 Ill
1218 2740 1298 2776 555.
1330 2740 1386 2782 133
1416 2739 1462 2774 de
1493 2739 1629 2783 quibus
1659 2749 1764 2783 prae-

1056 2805 1154 2834 terea
1189 2799 1234 2839 cf.
1269 2799 1317 2833 ΙΙΙ
1347 2800 1425 2842 251,
1454 2800 1486 2833 8.
1517 2799 1594 2833 255.
1627 2800 1656 2833 1.
1686 2800 1765 2842 571,
