2078 3054
309 156 389 198 174
978 170 1118 207 Index
1147 170 1190 206 V.

353 285 428 328 156,
463 285 494 319 7.
526 285 606 330 409,
639 284 692 319 11.
724 285 802 328 458,
834 285 864 319 7.
897 285 976 330 601,
1008 284 1083 319 14.Ι
1147 285 1326 330 aviditas,
1361 296 1458 332 quae
1492 288 1606 324 etiam
1641 289 1861 334 hypocrisin

351 342 503 387 11131,
548 343 600 377 16.
642 343 697 387 37,
738 343 769 377 2.
812 343 891 387 245,
932 343 964 377 6.
1009 342 1082 379 16

1149 352 1264 387 saepe
1289 349 1449 389 generat
1473 345 1488 380 I
1513 346 1649 392 59,12.

350 400 502 436 litterae
528 400 774 436 Constantini
799 401 849 436 ad
874 400 1082 440 vicarium
1080 426 1119 450 C
1135 427 1156 450 0
1172 418 1325 454 utine
1341 419 1458 455 ntia
1484 421 1608 457 virtus
1636 426 1695 457 est
1721 421 1776 457 HI
1802 423 1858 467 29

349 458 534 494 Verinum
570 459 697 503 datae,
735 459 799 494 ubi
836 451 1082 513 Donatistas}

349 516 522 561 graviter
568 517 784 552 detestatur
829 516 883 550 ΙΙΙ
918 517 997 562 243,
1030 517 1061 551 6.

349 574 628 610 Constantinus
704 574 850 619 primus
927 578 1082 610 contrat

348 631 491 668 Donati
521 636 669 677 partem
695 632 819 678 legem
849 632 1061 677 constituit,

349 693 392 724 ut
429 690 514 726 loca
552 691 894 736 congregationum
933 700 1063 725 eorum

349 748 442 784 fisco
465 748 757 784 vindicarentur
781 748 816 783 II
839 749 917 794 409,
944 749 997 793 12,
1019 752 1062 783 ut

349 816 409 841 res
441 806 707 842 convictorum
738 811 776 842 et
806 806 947 842 unitati
978 815 1062 850 per-

348 864 533 900 vicaciter
565 865 827 900 resistentium
858 864 949 901 fisco
979 864 1062 899 vin-

349 922 571 958 dicarentur
609 922 644 957 II
682 923 761 967 458,
799 923 857 967 143
896 923 943 965 cf.
981 922 1060 967 601,

347 980 402 1016 22.
435 980 681 1016 Constantini
714 980 896 1016 iudicium
926 984 1061 1016 contra

347 1037 639 1074 Donatistarum
698 1043 847 1083 partem
903 1038 1062 1074 vivebat

349 1100 387 1132 et
425 1096 583 1142 vigebat
621 1096 657 1131 II
696 1097 776 1142 411,
815 1097 869 1132 18.
908 1097 988 1143 459,
1027 1097 1059 1131 2.

348 1154 427 1199 602,
460 1155 513 1190 13.
545 1155 593 1196 cs.
625 1155 704 1199 421,
736 1155 768 1189 2.
799 1155 879 1199 602,
909 1155 931 1190 8
962 1165 1061 1190 eum-

348 1223 421 1258 que
444 1212 663 1248 necessario
686 1213 808 1248 secuti
833 1217 922 1248 sunt
943 1206 1060 1249 ceteri
1079 1235 1081 1244 ,

349 1268 601 1314 imperatores
638 1270 673 1305 ΙΙ
709 1271 788 1316 459,
825 1271 860 1315 ὃς
898 1271 944 1312 cf.
981 1271 1060 1315 461,

349 1328 402 1363 17.
439 1328 685 1364 Constantini
722 1329 965 1373 imperatoris
1000 1329 1061 1364 lit-

346 1387 439 1422 teris
496 1387 626 1422 omnia
678 1387 933 1423 testatissima
987 1386 1061 1422 cla-

348 1503 425 1547 102,
456 1503 510 1538 21.
555 1502 834 1538 Constantinus
878 1503 1061 1538 Christia-

349 1571 420 1595 nus
463 1561 620 1596 veritati
664 1561 762 1596 favit
805 1560 840 1595 ΙΙ
882 1561 961 1606 602,
1004 1561 1059 1595 22.

347 1618 707 1663 Constantinopolis
744 1630 767 1654 a
804 1619 1060 1655 Constantino

349 1677 506 1712 condita
533 1676 587 1711 III
613 1677 691 1722 279,
718 1678 750 1712 3.

300 1749 328 1785 C
342 1760 364 1785 o
381 1761 406 1785 n
420 1761 438 1787 s
452 1756 465 1786 t
481 1761 504 1786 a
518 1761 542 1785 n
557 1756 571 1786 t
586 1751 637 1786 iu
651 1763 668 1787 s
702 1751 910 1795 imperator
944 1750 1060 1786 Atha-

346 1809 508 1854 nasium,
559 1809 864 1845 Alexandrinum
913 1809 1061 1854 episco-

346 1875 449 1912 pum,
507 1867 726 1911 specialiter
769 1867 1059 1911 adprehendere

348 1925 529 1969 cupiebat
555 1925 606 1959 IV
634 1926 713 1969 489,
741 1926 772 1960 4.

299 1999 668 2036 Constantius
699 2001 833 2037 consul
865 2000 1059 2045 III723,4.

300 2069 665 2105 consuetudo:
719 2071 811 2116 quid
850 2071 897 2106 de
935 2070 1059 2105 varia-

346 2138 428 2163 rum
493 2129 815 2164 consuetudinum
881 2129 1059 2164 observa-

346 2185 450 2221 tione
492 2186 701 2221 tenendum
743 2186 793 2221 sit
834 2186 868 2220 11
909 2187 986 2232 160,
1026 2187 1058 2220 4.

347 2243 424 2288 208,
489 2242 665 2289 9—210,v
702 2244 755 2279 17.
819 2244 1058 2280 consuetudo

346 2302 574 2337 ebrietatum
601 2306 638 2337 et
662 2301 946 2337 luxuriosorum
972 2312 1059 2337 con-

346 2359 537 2395 viviorum
572 2362 610 2396 in
643 2360 841 2395 cimiteriis
873 2364 911 2395 et
940 2360 1059 2396 eccle-

347 2417 413 2452 siis
445 2418 573 2452 sanari
604 2417 678 2452 nisi
711 2417 864 2452 concilii
894 2417 1059 2453 auctori-

346 2479 425 2510 tate
460 2485 536 2511 non
569 2485 681 2519 posse
716 2475 920 2511 videbatur
953 2475 970 2509 I
1003 2476 1058 2519 57,

346 2534 400 2568 21.
445 2533 606 2568 similem
649 2533 968 2568 consuetudinem
1011 2543 1058 2568 cx

345 2591 509 2626 ecclesia
543 2590 802 2635 Hipponiensi
834 2601 908 2637 quo
943 2590 1060 2626 modo

347 2653 389 2683 ut
429 2649 581 2684 tolleret
621 2648 693 2684 sibi
734 2649 973 2694 contigisset,
1014 2649 1057 2683 A.

347 2711 479 2742 narrat
507 2716 566 2750 ep.
599 2706 653 2742 29.

300 2775 688 2821 contentionis
734 2780 773 2810 et
818 2775 889 2811 zeli
936 2778 1057 2810 mater

347 2834 527 2877 superbia
557 2838 614 2868 est
645 2838 680 2869 ct
713 2833 902 2868 humanae
931 2832 1058 2868 laudis

1147 476 1178 510 5.
1221 476 1324 512 iubet
1365 477 1460 513 deus
1502 479 1780 515 continentiam
1821 485 1859 516 et

1146 533 1214 569 dat
1246 535 1539 581 continentiam3
1574 537 1677 573 iubet
1710 547 1777 582 per
1809 538 1860 573 le-

1147 602 1244 637 gem,
1271 593 1337 627 dat
1362 603 1429 637 per
1454 594 1634 640 gratiam;
1661 595 1767 631 iubet
1791 606 1858 640 per

1147 649 1326 695 litteram,
1369 651 1436 686 dat
1477 662 1545 696 per
1587 653 1764 697 spiritum
1804 653 1859 688 111

1145 708 1225 753 455,
1271 708 1324 743 14.
1371 709 1612 745 continentia
1656 711 1859 756 virginalis

1147 775 1224 800 non
1252 766 1323 801 sibi
1351 771 1410 801 est
1436 778 1484 802 ex
1513 778 1551 803 se
1580 768 1677 813 ipsa,
1705 769 1773 804 sed
1800 774 1859 805 est

1147 822 1209 858 dei
1233 824 1374 859 donum
1399 824 1451 859 IV
1475 825 1551 870 123,
1575 825 1631 870 173
1656 827 1702 869 cf.
1726 826 1804 872 126,
1828 828 1858 861 1.

1146 882 1386 923 continent-ia
1418 877 1600 919 vovenda
1635 894 1713 919 non
1745 889 1804 921 est
1837 895 1859 919 a

1146 939 1365 985 coniugatis
1401 940 1475 975 nisi
1510 951 1557 977 ex
1595 951 1787 978 consensu
1822 947 1860 978 et

1145 997 1346 1034 voluntate
1380 999 1571 1034 communi
1605 1004 1655 1044 et,
1687 1000 1719 1035 si
1751 1009 1860 1044 prae-

1146 1065 1310 1100 propere
1333 1056 1477 1092 tactum
1501 1057 1629 1103 fuerit,
1652 1058 1777 1104 magis
1800 1062 1859 1094 est

1145 1114 1376 1159 corrigenda
1404 1115 1601 1150 temeritas
1632 1119 1747 1161 qu'am
1776 1126 1860 1160 per-

1146 1171 1333 1207 solvenda
1371 1173 1575 1216 promissio
1613 1173 1668 1208 III
1706 1174 1762 1219 28,
1801 1174 1857 1217 15;

1146 1229 1192 1270 cf.
1223 1229 1275 1264 IV
1303 1230 1383 1275 440,
1414 1231 1466 1265 15.
1495 1231 1630 1267 mulier
1660 1232 1858 1267 continen-

1146 1287 1237 1323 tiam
1271 1288 1355 1323 viro
1390 1289 1560 1324 nondum
1594 1289 1750 1325 volente
1781 1299 1858 1324 non

1146 1345 1355 1381 secundum
1388 1357 1521 1382 sanam
1551 1347 1767 1383 doctrinam
1799 1358 1858 1382 su-

348 1450 507 1480 ruerunt
542 1445 577 1479 11
614 1445 669 1490 88,
707 1445 765 1489 263
805 1446 852 1487 cf.
890 1445 966 1490 101,
1005 1427 1080 1479 24]
1147 1403 1261 1447 3⁰¹p¹t
1298 1403 1350 1439 IV
1387 1404 1467 1450 622⁷
1502 1405 1535 1440 3
1573 1404 1720 1450 mune*
1760 1415 1857 1451 ‘1⁰³0

1146 1462 1423 1497 continentiam
1509 1463 1695 1507 vovisset,
1782 1473 1857 1508 quo

1146 1519 1258 1555 modo
1290 1530 1404 1565 agere
1436 1520 1575 1556 debeat
1606 1531 1691 1556 cum
1720 1521 1857 1556 marito

1146 1587 1214 1613 suo
1248 1588 1307 1623 ep.
1342 1578 1420 1613 262.
1454 1588 1489 1613 v.
1522 1577 1692 1613 Hilarius
1725 1578 1857 1614 laicus.

1099 1662 1117 1686 c
1133 1662 1155 1687 o
1170 1662 1194 1687 n
1209 1653 1289 1688 tin
1304 1663 1323 1689 e
1339 1664 1355 1688 r
1370 1664 1410 1689 e:
1471 1654 1682 1689 secundum
1740 1654 1859 1690 verba

1146 1711 1372 1755 apostolica,
1411 1712 1441 1746 si
1481 1712 1604 1747 altera
1642 1722 1731 1756 pars
1771 1722 1858 1747 con-

1146 1768 1240 1815 iugii
1278 1779 1318 1805 se
1356 1770 1553 1805 continere
1592 1769 1688 1815 vult,
1736 1769 1859 1805 altera

1145 1838 1222 1862 non
1256 1827 1352 1872 vult,
1389 1828 1515 1863 neutri
1550 1828 1653 1872 parti
1686 1827 1857 1863 debitum

1147 1885 1389 1921 concubitum
1454 1896 1595 1931 negare
1655 1885 1746 1921 licet
1807 1885 1859 1919 IV

1145 1943 1224 1988 622,
1253 1944 1306 1978 18.

1099 2022 1153 2047 co
1170 2023 1205 2047 r:
1235 2012 1415 2048 lacrimae
1442 2017 1638 2058 tamquam
1663 2012 1857 2048 vulnerati

1149 2070 1306 2116 sanguis
1322 2070 1447 2105 cordis
1463 2070 1515 2104 IV
1529 2070 1609 2114 630,
1625 2070 1683 2114 183
1711 2070 1759 2112 εἰ.
1774 2070 1855 2106 632,

1146 2127 1203 2163 19.’
1227 2138 1376 2163 sursum
1405 2138 1469 2163 cor
1496 2128 1636 2163 habere
1662 2128 1713 2163 ad
1737 2128 1857 2163 domi-

1145 2196 1234 2221 num
1271 2185 1325 2220 III
1361 2186 1414 2231 78,
1450 2186 1484 2229 7;
1521 2186 1568 2227 cs.
1604 2185 1657 2220 IV
1691 2186 1768 2230 135,
1800 2185 1855 2220 28.

1145 2244 1239 2279 deus
1268 2248 1327 2279 est
1356 2244 1420 2278 lux
1451 2243 1578 2278 cordis
1607 2243 1662 2277 III
1691 2243 1770 2287 200,
1800 2243 1855 2277 21.

1144 2302 1316 2337 cordium
1354 2302 1437 2336 vita
1472 2301 1647 2337 Christus
1684 2306 1754 2346 est,
1791 2300 1857 2346 qui

1144 2359 1289 2395 habitat
1331 2359 1368 2394 in
1408 2359 1587 2395 cordibus
1622 2359 1766 2394 nostris
1800 2358 1855 2392 III

1144 2417 1222 2462 207,
1253 2417 1307 2452 24.
1339 2417 1417 2461 210,
1448 2418 1478 2452 7.
1521 2427 1585 2451 cor
1617 2417 1770 2452 tardum
1800 2426 1856 2451 se-

1144 2485 1275 2510 curum
1305 2479 1373 2519 est,
1401 2475 1555 2520 quando
1583 2477 1622 2511 in
1650 2474 1758 2510 caelo
1785 2477 1855 2518 est,

1143 2538 1181 2568 et
1208 2538 1362 2568 acutum
1392 2543 1456 2567 cor
1483 2532 1576 2568 nihil
1604 2537 1674 2575 est,
1700 2532 1854 2577 quando

1143 2591 1182 2625 in
1218 2595 1321 2626 terra
1356 2595 1414 2625 est
1450 2590 1485 2624 II
1519 2590 1599 2634 395,
1637 2590 1690 2625 16.
1727 2589 1854 2624 cordis

1144 2649 1201 2683 sui
1230 2648 1383 2683 nomine
1412 2647 1587 2683 Christus
1615 2646 1854 2693 significasse

1143 2706 1297 2741 videtur
1328 2706 1539 2748 scripturas
1571 2715 1660 2740 suas
1691 2704 1745 2739 ΙΙΙ
1778 2704 1854 2748 186,

1145 2764 1197 2799 10.
1225 2764 1279 2799 21.

1096 2832 1160 2867 Co
1176 2843 1193 2866 r
1208 2843 1227 2868 e
1260 2842 1292 2867 v.
1324 2831 1487 2867 Dathan.
