2078 3054
299 105 354 147 32
936 111 1078 149 Index
1104 110 1181 148 III.

297 233 441 278 gradus
469 231 730 267 instituendae
758 230 991 265 conlationis
1020 230 1147 264 factus
1176 229 1224 264 sit
1251 229 1379 264 edicto
1408 228 1532 273 pridie
1561 228 1616 263 ld.
1644 227 1820 265 Octobris

298 303 330 326 a.
353 292 421 326 410
444 291 492 326 ad
518 289 781 325 Marcellinum
805 289 941 333 dat0,¹)
970 288 1143 333 sequitur
1169 287 1375 332 epistulam
1401 287 1584 330 scriptam
1609 298 1694 323 esse
1717 288 1820 323 intra

298 359 331 383 a.
360 349 427 383 409
453 353 491 383 et
519 348 781 392 Septembrem
809 347 901 381 anni
928 346 1006 380 410.

438 406 653 450 Epistulam
688 406 756 441 106
793 404 1034 450 Augustinus
1068 414 1138 448 per
1173 403 1382 439 Maximum
1417 409 1456 439 et
1490 403 1731 439 Theodorum
1770 404 1817 438 ad

297 464 544 508 Macrobium,
570 473 795 507 episcopum
820 462 1077 507 Donatistam,
1103 461 1220 507 misit,
1245 473 1292 497 ne
1319 461 1598 497 subdiaconum
1627 461 1818 507 quendam

297 522 570 566 rebaptizaret,
607 521 776 566 epistula
811 522 878 556 107
915 520 970 555 illi
1005 520 1232 556 renuntiant
1269 519 1486 556 reddidisse
1524 531 1563 555 se
1601 519 1819 564 epistulam,

297 580 530 616 Macrobium
555 584 695 625 autem,
717 579 820 625 quod
841 579 1094 624 flagitaretur,
1115 588 1331 622 recusasse,
1354 588 1430 624 quo
1451 578 1555 614 facto
1578 578 1818 623 Augustulus

296 639 468 684 longiore
510 637 679 682 epistula
722 639 788 673 108
829 637 1023 673 Macrobio
1063 637 1236 681 exponit,
1277 647 1376 682 quae
1417 641 1520 672 esset
1561 636 1601 671 in
1641 636 1818 672 iterando

295 696 488 741 baptismo
516 696 658 731 iniuria
683 700 722 732 et
749 706 847 742 quae
875 696 1031 730 vanitas
1059 695 1098 730 in
1127 700 1210 730 tota
1237 694 1530 730 Donatistarum
1561 694 1818 739 separatione.

296 755 351 790 rei
376 755 494 801 igitur
521 746 772 790 similitudine
799 754 894 790 haec
922 753 1092 797 epistula
1117 763 1238 798 prope
1265 753 1418 788 accedit
1442 753 1493 789 ad
1519 752 1726 798 epistulam
1753 752 1820 787 105

294 812 505 858 eademque
541 813 589 848 de
623 822 753 858 causa,
786 823 863 857 qua
894 811 1010 856 illam,
1043 811 1160 847 etiam
1193 811 1291 846 lianc
1327 811 1403 846 nisi
1436 815 1525 848 ante
1559 810 1818 846 conlationem

294 869 638 916 Carthaginensem
669 870 785 906 scribi
814 880 891 905 non
921 870 1094 914 potuisse
1125 874 1271 905 certum
1302 874 1372 905 est.
1418 870 1486 905 sed
1515 873 1668 913 tempus
1697 868 1818 904 multo

294 928 514 964 accuratius
547 928 699 964 definiri
732 932 863 972 potest
897 938 954 973 eo,
991 928 1094 973 quod
1128 932 1187 963 est
1220 928 1260 962 in
1293 938 1328 972 p.
1362 927 1441 972 632,
1476 928 1533 962 17:
1569 928 1670 963 Ante
1705 929 1817 962 istam

295 987 432 1032 Ieyem,
468 998 542 1032 qua
578 987 759 1032 gaudetis
795 987 906 1021 vobis
940 986 1133 1021 redditam
1168 986 1398 1021 libertatem.
1445 996 1569 1031 neque
1605 985 1706 1021 enim
1743 985 1820 1020 alia

296 1044 356 1080 lex
388 1049 458 1089 est,
489 1055 586 1090 quae
617 1045 688 1080 hoc
719 1044 803 1080 loco
836 1044 1088 1089 significatur,
1120 1043 1195 1079 nisi
1229 1054 1286 1090 ea,
1319 1054 1397 1089 qua
1427 1043 1622 1079 Honorius
1653 1041 1818 1080 exeunte

296 1112 398 1138 anno
434 1103 502 1138 409
538 1103 715 1139 omnibus
751 1102 956 1138 haereticis
993 1102 1152 1138 liberam
1191 1102 1230 1138 in
1266 1103 1380 1138 rebus
1420 1102 1540 1137 sacris
1577 1102 1819 1137 voluntatem

294 1166 551 1197 concesserat.
600 1172 697 1207 quae
736 1161 798 1196 lex
834 1171 910 1206 quo
947 1160 1244 1206 rescinderetur,
1280 1171 1367 1196 cum
1404 1171 1451 1197 ex
1489 1160 1653 1196 concilio
1690 1159 1818 1195 XVIII

295 1218 383 1253 Kal.
413 1219 530 1254 Iulias
558 1229 592 1254 a.
621 1220 690 1254 410
719 1218 953 1264 Carthagine
984 1218 1115 1254 habito
1144 1218 1288 1264 legatio
1317 1219 1367 1254 ad
1397 1219 1670 1262 imperatorem
1701 1218 1820 1253 missa

296 1277 440 1322 esset,²)
485 1277 644 1313 libertas
683 1277 751 1312 illa
790 1277 943 1313 sublata
981 1281 1040 1313 est
1078 1277 1157 1312 alia
1195 1277 1280 1322 lege
1319 1276 1410 1311 VIII
1454 1276 1542 1311 Kal.
1583 1276 1820 1321 Septembris

294 1345 328 1370 a.
357 1335 426 1370 410
451 1335 555 1380 data,
582 1346 657 1381 qua
683 1335 833 1379 priores
860 1335 901 1370 in
926 1335 1143 1371 haereticos
1170 1344 1319 1380 poenae
1348 1340 1437 1370 sunt
1463 1334 1711 1380 restitutae.³)
1753 1334 1818 1369 illo

294 1393 403 1428 brevi
427 1393 545 1439 igitur
569 1394 756 1438 temporis
784 1394 910 1438 spatio
939 1395 987 1430 ab
1011 1398 1183 1429 extremo
1209 1404 1311 1429 anno
1335 1394 1403 1429 409
1428 1404 1548 1438 usque
1574 1394 1624 1429 ad
1649 1403 1817 1428 mensem

294 1451 511 1496 Augustum
549 1462 583 1486 a.
620 1452 690 1487 410
727 1452 874 1496 scripta
911 1462 995 1487 esse
1032 1452 1188 1487 videtur
1225 1451 1393 1496 epistula
1431 1452 1510 1496 108,
1550 1451 1693 1497 quippe
1732 1461 1817 1486 cum

294 1509 535 1554 Augustinus
560 1510 607 1545 de
634 1506 813 1546 libertate
837 1510 1017 1556 loquatur
1042 1510 1158 1546 etiam
1183 1514 1264 1545 tum
1289 1510 1462 1555 vigente3
1489 1509 1663 1554 proxime
1689 1514 1817 1545 autem

299 1571 590 1603 antecesserant
615 1568 802 1613 epistulae
828 1568 896 1603 106
920 1571 960 1603 et
984 1568 1063 1603 107.

435 1625 614 1670 Epistula
635 1626 702 1662 109
727 1626 861 1662 Severi
883 1626 1059 1671 episcopi
1080 1626 1268 1663 ecclesiae
1291 1626 1540 1662 Milevitanae
1563 1626 1613 1662 ad
1635 1626 1818 1672 Augusti-

294 1693 383 1719 num
414 1684 640 1729 episcopum
673 1689 712 1720 et
743 1684 912 1728 epistula
947 1685 1014 1720 110
1045 1684 1255 1730 Augustini
1288 1695 1517 1730 responsum
1550 1685 1600 1720 ad
1633 1683 1817 1720 Severum

293 1741 396 1777 haud
419 1742 625 1788 quicquam
647 1742 801 1787 habent,
825 1753 913 1788 quo,
937 1744 1092 1788 quando
1117 1743 1286 1787 scriptae
1312 1743 1400 1788 sint,
1427 1743 1656 1788 investigari
1681 1743 1817 1787 possit,

293 1804 331 1835 et
356 1810 400 1836 eo
426 1800 653 1836 incertiores
679 1811 821 1846 sumus,
847 1801 950 1846 quod
975 1802 1111 1837 eodem
1138 1801 1255 1837 ferme
1282 1806 1455 1845 tempore
1482 1806 1643 1847 uterque
1669 1801 1817 1845 episco-

293 1866 365 1900 pus
396 1858 523 1894 factus
555 1863 614 1893 est
627 1858 656 1904 ⁴)
693 1870 817 1905 neque
850 1859 1016 1903 amplius
1051 1860 1220 1905 quinque
1252 1860 1365 1894 annis
1397 1859 1639 1905 Augustinus
1673 1858 1816 1894 Severo

293 1920 490 1959 superstes
522 1916 639 1962 fuit.⁵)
687 1917 727 1952 id
761 1928 879 1953 unum
916 1922 1047 1952 tamen
1081 1917 1215 1953 Severi
1248 1918 1418 1961 epistula
1450 1921 1628 1952 constare
1662 1917 1816 1952 videtur

294 1973 553 2019 Augustinum
578 1978 670 2010 tunc
695 1975 865 2020 maxima
889 1975 965 2010 iam
993 1975 1169 2011 floruisse
1196 1976 1440 2011 auctoritate.

433 2031 612 2077 Epistula
639 2033 703 2068 111
735 2042 771 2076 p.
800 2033 879 2078 643,
908 2033 942 2069 2:
973 2033 1095 2069 Totus
1123 2035 1289 2069 mundus
1318 2034 1507 2079 affligitur
1535 2033 1709 2068 cladibus
1736 2059 1744 2067 .
1771 2059 1780 2067 .
1808 2059 1815 2066 .

294 2116 435 2125 .....
462 2100 560 2135 quae
586 2092 700 2126 modo
724 2092 764 2126 in
789 2092 1012 2136 reqionibus
1036 2092 1184 2134 Italiae,
1210 2102 1308 2136 quae
1334 2093 1372 2127 in
1398 2092 1535 2127 Galliis
1561 2092 1708 2132 nefaria
1733 2101 1815 2135 per-

291 2151 447 2193 petrata
471 2150 561 2193 sint,
588 2151 706 2186 etiam
733 2160 804 2186 vos
829 2151 951 2186 latere
978 2160 1055 2185 non
1081 2151 1263 2194 arbitror;
1290 2152 1338 2186 de
1365 2151 1551 2196 Hispanis
1578 2160 1730 2196 quoque
1759 2153 1815 2185 tot

292 2208 517 2251 provinciis,
541 2217 639 2253 quae
661 2208 710 2243 ab
732 2208 792 2243 his
814 2209 926 2244 malis
949 2209 1016 2243 diu
1040 2209 1273 2244 videbantur
1299 2210 1481 2252 intactae,
1505 2212 1717 2254 coeperunt
1739 2209 1815 2243 iam

292 2264 386 2298 talia
414 2266 597 2300 nuntiari.
639 2276 737 2311 quae
769 2270 811 2302 ut
839 2266 1053 2302 novissima
1079 2271 1315 2302 memoratur
1342 2277 1415 2311 res,
1443 2267 1552 2301 cuius
1581 2271 1672 2302 tunc
1702 2265 1815 2310 primi

291 2322 417 2357 nuntii
449 2322 488 2357 in
519 2323 690 2359 Africam
724 2325 1006 2369 pervenissent,
1039 2324 1262 2369 Alanorum,
1297 2325 1519 2367 Sueborum,
1552 2324 1814 2359 Vandalorum

291 2379 463 2425 inruptio
495 2386 554 2417 est
586 2381 625 2416 in
657 2381 886 2426 Hispaniam
920 2387 1105 2418 autumno
1139 2383 1231 2418 anni
1263 2383 1332 2417 409
1366 2382 1479 2427 facta,
1514 2383 1616 2418 unde
1649 2381 1814 2417 efficitur

292 2437 497 2482 epistulam
525 2440 710 2483 scriptam
735 2450 819 2476 esse
846 2444 1019 2476 extremo
1047 2451 1150 2476 anno
1176 2441 1256 2476 409.

433 2555 462 2600 ¹)
492 2555 620 2601 Migne
650 2557 789 2601 patrol.
818 2557 884 2592 lat.
913 2556 1038 2592 XLIII
1066 2567 1103 2602 p.
1130 2558 1210 2602 816,
1241 2558 1381 2603 63sqq.

432 2612 462 2658 2)
491 2613 627 2658 Mansi,
656 2615 791 2649 concil.
822 2615 908 2650 coll.
939 2615 993 2649 III
1023 2626 1059 2660 p.
1089 2616 1158 2651 810
1172 2614 1216 2650 D.

432 2671 462 2716 ³)
490 2671 681 2707 Theodos.
711 2672 774 2708 lib.
805 2672 895 2708 XVI
923 2673 956 2718 5,
985 2674 1041 2708 51.

431 2729 459 2774 ⁴)
490 2739 549 2774 ep.
576 2730 622 2765 32
649 2740 684 2774 p.
711 2731 743 2775 8,
771 2731 897 2776 21—9,
926 2732 960 2776 13
988 2742 1048 2776 ep.
1074 2732 1116 2767 31
1149 2742 1185 2777 p.
1215 2733 1248 2778 8,
1275 2732 1377 2767 5—6.

432 2787 460 2831 5)
490 2798 549 2832 ep.
575 2789 642 2824 213
667 2798 704 2832 p.
729 2790 808 2824 374.
835 2789 936 2824 2-6.
