2078 3054
255 1732 565 1767 ordinatio:

256 2421 471 2456 ordinis
529 2422 680 2457 nomine
740 2422 1012 2458 Madaurenses

920 124 1062 160 Index
1090 124 1134 159 V.

301 236 606 273 distribuendum
647 237 916 273 comminuitur
957 235 1011 271 III

301 295 380 339 362,
411 295 463 330 11.

270 352 576 387 =ratoriumz
618 353 655 388 in
694 353 862 387 oratorio
900 362 1010 388 nemo

301 410 447 455 aliquid
483 415 586 455 agat,
623 410 696 445 nisi
730 410 779 445 ad
815 411 917 456 quod
953 414 1011 446 est

302 467 456 512 factum,
489 467 590 503 unde
621 473 658 503 et
692 478 830 503 nomen
861 467 1009 512 accepit

302 524 356 558 IV
382 525 462 569 361,
491 525 522 560 7.

254 582 346 626 ord
364 582 373 616 i
389 593 449 616 na
465 593 535 618 re:
570 583 634 627 qui
668 583 807 618 iniuste
841 593 880 618 se
913 582 1012 618 ordi-

302 645 367 674 nat
400 640 438 674 in
468 640 649 684 peccatis,
682 640 779 676 iuste
812 640 1012 675 ordinatur

303 697 341 731 in
370 698 505 741 poenis
537 697 589 731 III
620 698 694 741 158,
724 699 755 732 4.
783 720 829 724 —
855 697 1011 732 Donati-

302 759 384 790 stae
450 756 623 799 correcti,
687 756 838 791 etiamsi
902 759 1013 790 extra

302 812 502 847 ecclesiam
529 813 698 848 ordinati
722 818 843 856 erant,
869 813 907 848 in
933 813 1011 848 suis

301 870 509 905 honoribus
545 875 633 906 sunt
667 871 837 915 suscepti
871 870 923 905 IV
956 870 1011 914 41,

301 927 332 961 6.
370 928 416 962 de
457 928 683 973 ordinando,
720 929 785 973 qui
825 929 861 963 in
901 933 1010 971 parte

302 984 443 1020 Donati
483 986 702 1029 baptizatus
745 990 814 1029 est,
856 986 910 1029 A„
965 995 1011 1020 ne

302 1047 436 1077 auctor
475 1043 536 1088 sit,
575 1048 742 1087 recusat;
783 1043 887 1078 aliud
927 1053 1032 1088 esse,

301 1100 401 1135 enim
445 1100 583 1145 facere,
628 1101 658 1136 si
702 1101 863 1145 cogaris,
907 1099 1011 1135 aliud

302 1158 512 1203 consulere,
544 1167 583 1193 ut
616 1158 736 1193 facias
767 1158 817 1193 IV
836 1149 928 1203 583,
959 1158 1010 1192 12.

303 1216 343 1250 Α.
378 1216 531 1251 dicebat
562 1217 610 1252 ab
643 1217 718 1251 aiio
753 1216 936 1260 episcopo
974 1216 1010 1250 in

302 1273 466 1308 ecclesia
486 1274 555 1309 sibi
577 1274 722 1309 tradita
743 1274 816 1308 nisi
837 1284 876 1309 se
897 1274 1012 1308 inter-

302 1336 436 1375 rogato
464 1341 507 1366 ac
535 1331 781 1375 permittente
807 1331 1009 1366 Pinianum

303 1398 379 1423 non
423 1398 537 1432 posse
578 1389 749 1424 ordinari
792 1388 846 1423 III
891 1389 922 1432 8,
967 1389 1009 1423 :20

304 1456 425 1490 neque
469 1446 573 1481 aliud
619 1446 822 1492 quicquam
867 1446 1010 1491 Hippo-

302 1503 453 1537 nienses
488 1503 598 1547 velle,
635 1504 665 1538 si
700 1503 881 1538 Pinianus
917 1504 1013 1538 ordi-

302 1565 457 1595 naretur
491 1560 646 1606 invitus,
681 1561 754 1596 nisi
787 1567 830 1597 ut
860 1562 1011 1596 ordina-

303 1622 363 1653 tus
406 1618 645 1657 abscederet:
688 1618 742 1653 illi
784 1619 853 1654 hoc
897 1629 1009 1663 posse

303 1674 383 1711 fieri
412 1686 488 1711 non
517 1676 723 1711 credebant
751 1676 782 1720 8,
811 1677 865 1711 25.

609 1733 784 1768 lacrimas
829 1734 871 1768 A.
917 1734 1013 1768 fudit

302 1790 339 1824 in
384 1791 556 1826 novitate
603 1791 859 1826 ordinationis
905 1801 1010 1834 suae,

302 1847 420 1882 multo
468 1848 565 1883 enim
617 1848 781 1891 amplius
829 1853 1011 1891 expertus

302 1908 371 1946 cst,
415 1915 526 1948 quain
571 1905 740 1949 putabat.
785 1906 875 1940 illud
918 1915 1014 1940 onus

303 1962 404 1996 vires
433 1972 522 1997 suas
549 1972 730 2006 superare
756 1962 769 1996 I
796 1963 850 2006 50,
878 1963 930 1997 14.
958 1962 1011 1997 18.

303 2018 401 2054 idem
445 2019 549 2055 nullo
591 2021 704 2055 modo
749 2020 1011 2056 adducebatur

303 2076 458 2121 homini,
481 2077 527 2112 de
552 2088 626 2123 quo
648 2082 795 2113 tantum
820 2077 910 2113 mali
934 2078 1011 2114 exi-

303 2134 487 2179 stimaret,
514 2145 649 2170 manus
676 2135 931 2171 ordinationis
959 2136 1012 2170 in-

303 2200 445 2234 ponere
471 2191 505 2226 II
529 2193 607 2237 334,
635 2193 686 2227 12.
711 2193 902 2237 catholici,
926 2203 1010 2227 cum

302 2249 351 2284 ad
381 2259 447 2284 eos
480 2250 684 2285 veniebant
719 2262 765 2285 ex
798 2254 907 2294 parte
939 2250 1011 2285 Do-

302 2306 394 2350 nati,
419 2308 680 2352 agnoscebant
706 2307 1011 2343 benedictionem

303 2363 559 2400 ordinationis
586 2364 619 2398 II
644 2365 722 2409 223,
750 2366 803 2400 22.

304 2478 520 2523 Augustino
552 2490 619 2514 sua
652 2480 795 2523 scripta
827 2480 1014 2515 miserunt

305 2535 355 2570 IV
384 2536 462 2580 511,
490 2538 521 2571 7.
550 2536 654 2581 leges
685 2537 905 2572 notissimas
934 2537 1013 2581 epi-

305 2604 444 2637 scopus
473 2594 599 2629 ordini
633 2594 835 2638 replicavit
867 2595 902 2629 II
934 2595 1013 2638 432,

305 2651 359 2686 23.
387 2661 420 2686 v.
448 2650 646 2687 Secundus
671 2651 920 2697 Tigisitanus.
1030 2642 1032 2648 ⁸

258 2710 522 2756 Origenes
550 2723 627 2747 non
656 2716 803 2747 tanturn
833 2713 870 2748 in
898 2713 1015 2748 eccle-

305 2768 471 2804 siasticis
501 2769 640 2805 litteris
670 2770 737 2806 sed
770 2770 808 2805 in
837 2771 1013 2806 omnibus

327 2834 424 2861 Lvul.
445 2835 631 2868 Augustinus.
653 2836 776 2868 (Goldb
792 2836 918 2869 acher.)

1723 113 1808 155 273

1098 242 1203 273 recta
1231 242 1269 273 et
1299 249 1393 274 vera
1422 238 1659 284 adprobabat
1690 244 1806 287 atque

1102 295 1293 339 laudabat,
1336 296 1435 331 falsa
1474 307 1566 332 vero
1608 301 1646 332 et
1690 308 1809 342 prava

1099 352 1325 397 inprobabat
1359 358 1475 399 atque
1510 354 1811 399 reprehendebat

1103 410 1136 443 Il
1203 411 1258 454 79,
1323 411 1355 445 7.
1421 411 1459 445 in
1524 413 1806 448 commentariis

1098 467 1284 511 epistulae
1329 469 1377 503 ad
1424 468 1580 504 Galatas
1627 469 1810 514 Hierony—

1099 535 1181 559 mus
1222 524 1394 570 Origenis
1435 528 1728 562 commentarios
1769 538 1809 563 se

1099 592 1182 617 esse
1233 587 1404 618 secutum
1453 584 1560 627 dicit3
1612 585 1809 629 scripsisse

1098 639 1197 673 enim
1237 640 1340 675 illum
1381 641 1419 675 in
1460 641 1661 686 epistulam
1702 642 1810 676 Pauli

1098 696 1146 730 ad
1210 696 1366 732 Galatas
1429 699 1595 743 quinque
1659 701 1809 744 proprie

1100 754 1295 789 volumina
1336 760 1372 789 et
1414 755 1601 791 decimum
1644 757 1809 792 stroma-

1099 815 1177 845 tum
1227 822 1379 846 suorum
1428 812 1574 857 librum,
1623 817 1810 849 tractatus

1099 879 1249 913 quoque
1294 870 1423 904 varios
1469 874 1507 905 et
1551 875 1731 915 excerpta
1778 872 1810 906 II

1100 925 1178 969 286,
1221 927 1252 960 2.
1294 927 1371 970 287,
1414 928 1446 962 9.
1489 928 1567 971 289,
1610 929 1641 962 7.
1684 928 1808 963 locum

1100 983 1136 1016 in
1194 984 1358 1029 epistula
1415 985 1463 1020 ad
1521 985 1690 1029 Galatas,
1747 985 1810 1021 ubi

1098 1040 1238 1077 Paulus
1271 1042 1384 1077 Petro
1417 1053 1456 1078 se
1488 1043 1675 1078 restitisse
1706 1044 1810 1088 dicit,

1099 1098 1189 1142 quia
1220 1099 1513 1143 reprehensione
1549 1100 1687 1145 dignus
1721 1101 1811 1136 fuis-

1099 1159 1168 1199 set,
1218 1156 1472 1202 Hieronymus
1521 1158 1576 1192 ita
1623 1159 1810 1202 exposuit,

1099 1217 1140 1247 ut
1203 1214 1344 1258 primus
1407 1213 1588 1260 Origenes
1651 1216 1688 1249 in
1748 1216 1810 1251 dc-

1099 1271 1196 1306 cimo
1250 1271 1483 1307 Stromatum
1536 1272 1644 1318 libro,
1695 1284 1806 1318 quem

1098 1329 1216 1364 ceteri
1246 1329 1428 1374 deinceps
1459 1330 1690 1374 interpretes
1719 1335 1807 1366 sunt

1099 1387 1220 1421 secuti
1268 1398 1315 1422 ea
1361 1387 1525 1425 maxime
1576 1398 1703 1433 causa,
1766 1393 1807 1423 ut

1098 1444 1311 1489 Porphyrio
1372 1446 1650 1489 responderent
1710 1446 1807 1482 blas—

1099 1501 1296 1544 phemanti
1352 1502 1387 1536 II
1430 1503 1509 1547 289,
1554 1505 1584 1538 7.
1628 1504 1707 1549 300,
1754 1504 1806 1539 12.

1101 1559 1287 1595 lohannes
1316 1570 1477 1605 quoque,
1505 1562 1569 1606 qui
1597 1561 1740 1596 dudum
1769 1562 1807 1596 in

1099 1617 1307 1660 pontificali
1363 1618 1485 1662 gradu
1543 1618 1810 1654 Constantino-

1099 1674 1309 1717 politanam
1364 1676 1462 1711 rexit
1515 1676 1716 1712 ecclesiam
1769 1681 1807 1712 et

1100 1733 1252 1776 proprie
1280 1743 1393 1777 super
1420 1733 1489 1768 hac
1513 1744 1552 1769 re
1578 1734 1805 1769 latissimum

1098 1790 1274 1825 exaravit
1301 1790 1448 1835 librum,
1477 1790 1652 1837 Origenis
1680 1797 1718 1827 et
1744 1802 1806 1827 ve-

1098 1851 1221 1882 terum
1249 1849 1478 1884 sententIam
1506 1854 1564 1884 est
1590 1854 1744 1884 secutus
1771 1849 1805 1883 II

1098 1904 1175 1949 289,
1202 1906 1254 1940 15.
1282 1906 1531 1951 septuaginta.
1554 1906 1805 1950 interpretum

1097 1961 1213 1997 libros
1265 1963 1312 1998 ab
1366 1962 1529 2008 Origene
1582 1964 1806 1999 emendatos

1097 2029 1181 2056 esse
1209 2020 1304 2055 dicit
1332 2020 1588 2065 Hieronymus
1615 2021 1697 2057 sive
1727 2032 1806 2056 cor-

1098 2082 1231 2121 ruptos
1263 2087 1330 2121 per
1360 2078 1491 2114 obelos
1521 2085 1556 2113 et
1588 2079 1805 2122 asteriscos,

1098 2135 1323 2178 praesertim
1351 2146 1435 2171 cum
1464 2147 1521 2180 ea,
1549 2147 1645 2181 quae
1673 2136 1806 2171 addita

1098 2198 1197 2235 sunt,
1234 2203 1281 2228 ex
1318 2193 1481 2228 hominis
1522 2194 1654 2229 Iudaei
1691 2198 1805 2239 atque

1096 2250 1308 2294 blasphemi
1343 2251 1511 2287 editione
1545 2251 1807 2286 transtulisset

1099 2307 1133 2341 II
1158 2308 1236 2352 316,
1266 2309 1318 2343 14.
1344 2308 1600 2353 Hieronymus
1627 2309 1666 2343 in
1693 2309 1806 2344 inter-

1097 2366 1313 2408 pretatione
1345 2366 1594 2411 septuaginta
1622 2366 1807 2410 interpre-

1097 2427 1176 2457 tum
1206 2423 1270 2458 ubi
1297 2423 1504 2459 asteriscos
1534 2423 1739 2468 posuisset,
1769 2423 1805 2458 id

1097 2490 1143 2514 ex
1200 2480 1476 2516 Theodotionis
1535 2480 1703 2516 editione
1760 2481 1807 2515 ab

1099 2536 1261 2582 Origene
1301 2538 1475 2573 additum
1515 2549 1598 2574 esse
1638 2539 1731 2574 dicit
1772 2538 1805 2572 ΙΙ

1096 2595 1174 2638 316,
1211 2596 1264 2630 10.
1296 2595 1465 2639 psalmos
1501 2596 1605 2640 apud
1638 2595 1806 2631 Graecos

1098 2652 1339 2696 interpretati
1370 2658 1458 2688 sunt
1488 2653 1618 2688 multis
1648 2653 1806 2688 volumi-

1099 2710 1209 2745 nibus
1234 2710 1380 2754 primus
1403 2709 1588 2755 Origenes
1614 2710 1647 2744 II
1671 2711 1749 2755 318,
1773 2710 1805 2754 6,

1098 2769 1299 2816 Origenem
1337 2776 1464 2806 autem
1506 2771 1609 2815 apud
1648 2771 1805 2806 Latinos

1537 2840 1577 2874 18
