2078 3054
293 157 377 200 212

963 171 1105 207 index
1134 171 1177 207 V.

337 296 384 321 ne
431 287 572 322 multos
620 296 748 322 secum
797 285 1053 321 excommuni-
1088 287 1137 320 fa
1154 289 1318 321 ctum:
1345 287 1559 322 cavendum
1584 289 1653 331 est,
1678 297 1725 322 ne
1751 286 1850 321 sicut

336 350 444 380 CsstOS
474 345 645 380 traheret
675 349 713 380 Θῒ,
743 344 1070 380 CommUIIiOssem·

336 403 553 438 schismatis
615 403 742 438 furore
804 402 1053 447 praecideret,

336 461 666 496 excommunicare
741 461 947 495 noluerunt
1018 460 1052 495 II

336 519 414 563 400,
442 519 495 554 19.

288 585 586 617 cxcurator
618 592 652 617 v.
686 585 851 617 curator.

289 640 780 684 exduumvir11410,
808 640 863 675 19.

286 714 305 737 e
321 713 344 737 x
359 713 379 738 e
394 714 417 748 q
432 714 455 738 u
471 703 481 738 i
496 714 518 738 a
534 714 551 739 s
580 703 824 749 praebuimus
852 703 1051 746 defunct0;

334 772 420 796 nam
453 772 520 806 per
550 761 718 797 triduum
750 761 901 806 hymnis
933 761 1051 796 domi-

334 831 423 855 num
445 820 765 856 conlaudavimus
786 829 901 864 super
923 819 1048 872 sepul-

332 888 438 914 crum
495 878 618 923 ipsius
675 882 714 914 et
768 878 1048 923 redemptionis

334 940 576 972 sacramenta
604 936 719 972 tertio
751 936 812 972 die
842 935 1049 972 obtulimus

333 994 387 1029 III
413 995 492 1039 490,
519 995 541 1030 8
569 994 738 1039 (Evod.).

285 1058 712 1094 exhortatoriae

333 1115 628 1152 consolatorius.

284 1191 303 1213 c
320 1180 610 1216 xorcizare
647 1190 682 1216 v.
715 1180 920 1225 baptisma.

284 1244 600 1284 exsufflare
635 1254 670 1280 v.
706 1243 909 1289 baptisma.

284 1318 304 1341 c
319 1318 342 1342 x
356 1311 371 1342 t
386 1318 409 1343 a
423 1318 439 1343 s
455 1307 498 1344 i's
517 1319 524 1342 :
560 1307 659 1343 solet
690 1308 729 1343 in
761 1307 1047 1344 vehementiore

331 1366 455 1402 extasi
480 1376 587 1402 mens
611 1365 659 1401 ab
681 1366 753 1401 hac
777 1366 859 1402 vita
883 1365 921 1401 in
945 1365 1046 1401 illam

330 1424 450 1459 vitam
505 1430 590 1460 esse
646 1424 814 1460 alienata
869 1428 1047 1462 manente

331 1482 501 1528 corporis
528 1482 684 1518 vinculo
711 1482 764 1517 III
788 1483 870 1528 305,
898 1483 952 1517 12.

283 1546 312 1580 E
327 1557 345 1580 z
362 1557 381 1582 e
396 1557 415 1582 c
431 1547 454 1581 h
469 1546 518 1582 ia
532 1557 548 1582 s
578 1546 651 1582 deo
680 1546 842 1582 servivit
871 1546 979 1582 lucos
1010 1549 1047 1582 et

329 1605 471 1650 templa
505 1598 695 1640 idolorum
727 1604 960 1642 destruendo
995 1604 1048 1639 lV

330 1663 384 1708 17,
411 1663 467 1698 24.

283 1727 311 1761 Ε
327 1738 345 1761 z
361 1737 380 1762 e
396 1737 415 1762 c
430 1728 454 1762 h
469 1727 480 1762 i
496 1727 567 1762 eli
583 1737 599 1762 s
645 1727 826 1763 volumen
870 1727 960 1763 olim
1006 1736 1047 1762 se

328 1785 488 1831 adgredi
531 1785 703 1822 voluisse
748 1789 786 1821 et
830 1789 921 1821 tunc
967 1789 1045 1820 tres

328 1842 444 1878 libros
467 1844 680 1889 explicasse
704 1843 835 1879 scribit
859 1844 1044 1888 Hierony-

328 1912 411 1937 mus
438 1902 491 1936 111
517 1902 597 1947 543,
624 1903 679 1937 10.
707 1903 761 1937 15.

784 1058 936 1094 litterae
1011 1068 1044 1093 υ.

283 2018 307 2051 κ’
323 2028 345 2052 a
360 2019 382 2053 b
398 2018 483 2053 ian
499 2029 523 2053 ιι
539 2029 572 2062 S,
612 2018 819 2063 episcopus
845 2017 1042 2054 Romanus

328 2075 362 2110 II
393 2076 471 2121 153,
502 2077 556 2111 17.

283 2139 306 2173 1³
321 2150 343 2174 a
358 2139 382 2174 b
396 2139 406 2174 i
422 2150 443 2174 o
459 2139 508 2175 la
521 2151 541 2175 e
614 2139 870 2185 Hieronymus
942 2140 1046 2175 misit

327 2198 423 2233 ‹luos
457 2197 575 2232 libros
611 2199 971 2234 commentariorum
1006 2199 1044 2233 in

328 2256 564 2291 Ezechielem
592 2256 645 2291 III
669 2257 749 2301 544,
775 2257 807 2292 7.
833 2267 931 2301 quae
957 2267 1043 2292 cum

328 2314 439 2349 huius
469 2314 573 2349 vitae
604 2314 951 2359 peregrinationem
981 2315 1045 2350 de-

328 2372 467 2406 siderio
495 2382 683 2417 supernae
711 2372 858 2417 patriae
885 2373 1044 2417 doleret,

329 2429 372 2464 Λ.
411 2431 460 2465 :ul
500 2441 583 2465 eam
621 2430 727 2465 dedit
767 2431 944 2475 pusillam
984 2441 1043 2475 cp.

327 2488 407 2522 267.

279 2550 498 2585 Fabrici
532 2551 653 2596 focus,
685 2552 944 2587 Romanorum
978 2552 1044 2587 du-

327 2609 394 2653 cis,
432 2609 497 2654 qui
536 2613 764 2654 paupertate
804 2621 881 2645 non
922 2610 1044 2645 solum

327 2678 402 2702 non
430 2667 517 2702 vilis
547 2668 672 2703 factus
699 2672 758 2703 est
786 2667 935 2704 civibus
964 2667 1043 2704 suis

327 2726 391 2761 scd
430 2726 634 2771 praecipue
671 2736 784 2761 carus
821 2731 859 2761 et
895 2727 1042 2772 patriae

324 2784 583 2826 gubernandis
640 2784 777 2828 opibus
836 2788 972 2829 aptus:
1009 2785 1042 2819 II

325 2842 403 2875 58⁴⁴».
428 2844 460 2876 53.

1134 344 1350 389 philosophi
1381 345 1568 389 quaedam
1599 345 1703 380 facta
1733 345 1850 379 homi-

1134 413 1223 437 num
1254 402 1382 437 media
1408 403 1582 438 dicamus
1613 403 1711 438 inter
1744 408 1847 438 recte

1134 460 1278 496 factum
1307 464 1346 496 et
1371 464 1573 505 peccaium
1601 461 1635 495 II
1663 462 1742 505 3⁶33,
1769 462 1802 495 3.

1086 518 1418 553 fasciculum
1450 518 1489 553 in
1519 519 1627 554 aluta
1658 519 1849 563 signatum

1134 580 1171 611 et
1203 576 1374 612 libellum'
1404 576 1485 612 sine
1517 577 1627 622 signo
1660 576 1849 611 Anulinus

1134 645 1201 679 pro
1226 635 1382 670 consule
1406 634 1455 669 ad
1480 635 1704 670 comitatum
1727 638 1849 670 trans-

1133 692 1237 727 misit
1265 693 1299 727 II
1327 693 1407 737 408,
1435 693 1489 727 10.

1085 750 1314 786 Fascius
1347 754 1501 796 propter
1532 750 1715 795 debitum,
1747 751 1849 796 quod

1132 812 1175 843 ut
1210 809 1388 844 redderet
1423 808 1642 854 urgebatur,
1677 819 1765 844 cum
1800 809 1848 844 ad

1131 867 1315 902 auxilium
1363 867 1550 902 ecclesiae
1598 867 1850 912 confugisset,

1132 925 1177 959 Α.
1207 924 1407 970 pecuniam
1435 929 1568 960 mutuo
1596 928 1787 970 sumptam
1815 925 1847 960 ci

1133 983 1396 1028 suppeditavit
1430 983 1559 1028 itaque
1593 983 1675 1028 ipse
1708 983 1745 1018 in
1778 983 1848 1017 clif-

1131 1040 1342 1076 ficulta.tem
1380 1041 1552 1085 incurrit,
1590 1041 1691 1076 unde
1728 1044 1769 1075 ut
1808 1051 1847 1075 sc

1131 1099 1324 1144 libera-ret,
1346 1110 1369 1134 a
1390 1099 1500 1144 plebe
1525 1110 1594 1135 sua
1616 1109 1727 1144 opem
1750 1099 1846 1144 peti-

1131 1156 1188 1192 vit
1217 1167 1275 1203 ep.
1305 1157 1385 1193 268.

1084 1216 1278 1251 fatum:
1304 1215 1490 1261 peccandi
1516 1225 1636 1251 causa
1659 1226 1735 1251 non
1759 1226 1847 1251 con-

1130 1274 1318 1310 vertenda
1353 1277 1413 1310 est
1448 1274 1486 1308 in
1523 1274 1644 1309 fatum
1680 1274 1732 1308 lv
1766 1274 1847 1318 584.

1129 1331 1186 1367 25.
1225 1332 1582 1367 mathematicorum
1619 1332 1722 1367 facta
1762 1341 1846 1366 cum

1130 1390 1243 1426 dictis
1280 1393 1517 1435 quantopere
1554 1390 1774 1435 discrepent
1809 1389 1847 1424 in

1130 1448 1355 1494 quaestione
1390 1448 1460 1483 fati
1494 1458 1539 1483 ac
1575 1449 1752 1483 fortunae
1787 1458 1845 1492 ep.

1129 1507 1208 1541 246.
1270 1507 1362 1551 fat-a,
1425 1517 1523 1552 quae
1585 1505 1846 1541 mathematici

1128 1565 1346 1601 hominibus
1391 1565 1625 1610 vendebant,
1684 1564 1758 1609 ipsi
1806 1564 1841 1599 in

1127 1623 1233 1659 vitae
1283 1623 1563 1659 consuetudine
1611 1633 1689 1658 non
1737 1633 1843 1657 cura-

1128 1680 1222 1717 bant
1251 1681 1304 1716 IV
1333 1682 1414 1726 584,
1446 1682 1499 1717 15.
1531 1691 1566 1716 v.
1597 1680 1798 1726 baptisma.

1060 1680 1482 1782 *Faustinianus
1514 1739 1718 1784 episcopus
1749 1739 1845 1775 alter

1129 1798 1167 1832 in
1209 1798 1371 1834 concilio
1414 1798 1707 1843 Carthaginensi
1748 1797 1845 1832 alter

1128 1856 1166 1891 in
1196 1856 1358 1892 concilio
1389 1855 1610 1891 Milevitano
1639 1855 1764 1891 adfuit
1791 1855 1843 1890 111

1127 1915 1206 1959 653,
1236 1915 1267 1949 1.
1295 1914 1375 1958 663,
1403 1915 1436 1949 6.

1081 1972 1380 2007 Faustinus
1416 1982 1555 2007 nomen
1589 1975 1649 2007 est
1682 1972 1842 2007 (luorum

1127 2030 1406 2075 episcoporum,
1464 2030 1528 2074 qui
1585 2030 1623 2064 in
1680 2029 1842 2065 concilio

1129 2087 1352 2123 Milevitano
1377 2088 1584 2123 adsuerunt
1599 2087 1746 2131 111664‚
1761 2087 1792 2122 2.
1807 2088 1839 2122 3.

1078 2146 1106 2181 F
1121 2157 1144 2181 a
1158 2157 1182 2180 u
1197 2156 1214 2181 s
1229 2150 1245 2181 t
1258 2157 1282 2181 u
1298 2156 1314 2181 s
1383 2145 1641 2190 Manichacus,
1710 2149 1844 2180 contra

1127 2215 1238 2249 quem
1268 2205 1311 2239 A.
1342 2204 1456 2249 longe
1484 2208 1585 2249 ante,
1613 2214 1727 2249 quam
1756 2204 1841 2238 Hic-

1126 2263 1275 2307 ronymi
1325 2262 1474 2297 litteras
1526 2262 1750 2307 accepisset,
1802 2271 1841 2295 se

1127 2321 1326 2366 scripsisse
1357 2321 1452 2355 dicit
1480 2321 1514 2355 II
1543 2321 1624 2364 368,
1654 2320 1708 2355 12.

1078 2379 1314 2414 Faustus
1348 2379 1554 2424 Augustini
1587 2389 1671 2423 epp.
1706 2378 1771 2413 185
1804 2381 1841 2412 ct

1126 2438 1193 2472 189
1232 2437 1281 2472 ad
1323 2437 1556 2472 Bonifatium
1595 2436 1752 2481 pertulit
1791 2435 1840 2469 lV

1128 2495 1205 2539 131,
1239 2496 1365 2530 4-15,

1078 2553 1400 2597 Faventius,
1442 2552 1728 2588 Paratianensis
1770 2552 1841 2587 sal-

1125 2615 1187 2646 tus
1250 2611 1474 2654 conductor,
1537 2621 1622 2646 cum
1685 2620 1839 2646 causam

1125 2669 1282 2704 haberet
1310 2679 1396 2704 cum
1426 2668 1576 2704 homine
1606 2668 1840 2714 pecuniosis-

1123 2728 1231 2772 simo,
1251 2728 1300 2762 ad
1320 2727 1618 2773 Hipponiensem
1639 2726 1839 2762 ecclesiam

1126 2786 1365 2830 confugerat,
1419 2786 1487 2821 sed
1541 2796 1564 2821 a
1616 2785 1837 2821 Florentino

1124 2845 1300 2888 quodam.
1352 2845 1502 2878 comitis
1554 2843 1721 2888 officiali,
1773 2854 1837 2888 per
