2078 3054
283 152 396 188 LXV!
930 152 1171 187 Praefatio.

278 272 367 313 eius
399 272 605 326 principio
638 271 692 312 ad
725 275 909 313 nostram
944 271 1185 312 memoriam
1210 271 1415 325 pervenit.
1452 285 1577 326 quam
1600 276 1645 314 ut
1668 286 1809 315 emen-

278 335 422 376 darem
456 335 640 388 quinquc
673 335 890 377 codicibus
923 348 1024 377 usus
1055 348 1161 387 sum,
1197 335 1236 375 in
1273 335 1426 388 quibus

338 398 679 441 Vindobonensis
721 398 852 453 322¹)
896 398 1037 454 parvis
1079 398 1229 441 litteris
1266 399 1603 452 Longobardicis
1644 402 1811 443 saeculo

278 462 502 504 vlu-IX
536 463 714 517 scriptus
746 488 802 492 —
834 462 959 503 hodie
992 462 1159 504 saeculo
1193 462 1438 503 Vll—Vll}
1473 463 1730 506 adtribuitur
1756 490 1810 495 —

276 526 529 579 antiquitate
574 526 724 568 ceteris
765 532 964 581 praestat,
1009 526 1231 580 epistulam
1275 530 1415 567 autem
1460 527 1644 569 ostendit
1686 529 1812 582 paulo

278 590 632 644 corruptioremJ-'Jl

334 654 449 695 Alter
497 653 628 696 codex
673 658 736 696 est
779 653 1035 696 Bodleianus
1078 654 1161 694 632
1205 666 1314 695 saec.
1347 655 1386 695 X
1419 656 1540 708 ‹‡x.‚³)
1582 655 1635 696 ad
1685 669 1809 709 quem

276 717 458 771 denique
489 718 701 760 accedunt
732 723 817 759 tres
849 717 1036 759 codices:

334 782 626 836 Sangallensis
659 782 713 823 29
746 795 855 824 saec.
881 782 942 823 IX
964 781 1063 836 inst)

334 846 640 888 Ambrosianus
673 847 706 887 R
730 845 786 886 42
819 859 908 901 sup.
934 846 958 886 3
991 858 1102 887 saec.
1127 845 1292 887 X—XI

333 910 564 952 Vaticanus
596 910 680 951 445
714 923 823 952 saec,
849 910 942 961 XV,

274 987 377 1027 quos
411 974 457 1015 R.
482 974 526 1016 C.
552 974 740 1025 Kukula,
770 973 840 1027 qui
864 973 1091 1014 editionem
1115 973 1210 1015 libri
1234 972 1540 1023 Quaestionum
1564 973 1618 1014 ad
1641 974 1809 1029 Simpli-

274 1038 440 1079 cianum
480 1044 613 1093 parat,
653 1038 838 1092 benigne
877 1038 977 1078 mihi
1017 1037 1262 1092 impertivit.
1304 1038 1377 1091 qui
1416 1038 1604 1091 quinque
1643 1037 1811 1080 codices

273 1102 390 1144 inter'
419 1115 462 1144 se
505 1103 680 1144 multum
724 1102 925 1144 differunt
966 1114 1104 1155 neque
1147 1102 1234 1144 fere
1278 1102 1384 1143 ullas
1427 1102 1629 1143 lectiones
1671 1102 1811 1143 varias

274 1166 432 1208 liabent
469 1180 727 1219 communes,
772 1166 893 1208 unde⁴
924 1165 1062 1219 colligi
1107 1178 1229 1220 posse
1274 1165 1440 1207 videtur
1481 1180 1623 1207 eorum
1665 1166 1810 1207 arche-

273 1236 403 1285 typon
437 1232 733 1286 perantiquum
769 1230 951 1272 necdum
985 1230 1101 1272 vitiis
1133 1229 1263 1272 fuisse
1296 1229 1589 1284 depravatum.
1623 1231 1809 1272 omnium

272 1301 411 1336 autem
445 1295 761 1350 integerrimam
795 1294 1063 1336 conservavit
1096 1293 1318 1347 epistulam
1352 1293 1459 1335 liber
1496 1294 1812 1336 recentissimus

273 1358 507 1401 Vaticanus
539 1360 636 1400 445.

334 1487 598 1543 Epistulae
635 1487 726 1528 128
760 1492 807 1528 et
846 1487 934 1526 1⁶29
967 1487 1009 1527 in
1043 1488 1149 1528 Acta
1188 1487 1424 1528 collationis
1457 1485 1813 1541 Cartliaginensis

271 1551 367 1592 olim
402 1556 572 1606 recepta
604 1557 701 1593 sunt
733 1551 877 1604 itaque
900 1551 1023 1593 nobis
1046 1550 1218 1603 tradita3
1254 1564 1428 1604 quorum
1454 1553 1653 1591 Actorum
1680 1564 1808 1592 unum

271 1620 433 1656 tantum
469 1615 683 1669 cognitum
716 1614 922 1656 habemus
955 1614 1156 1667 codicem,
1192 1614 1429 1656 Parisinum
1457 1613 1568 1654 1546
1601 1627 1709 1655 saec.
1736 1615 1811 1666 IX,

272 1679 368 1720 olim
409 1679 752 1734 Colbertinumf)
796 1687 919 1732 quem
958 1682 1181 1733 postquam
1222 1679 1349 1720 Henr.
1381 1678 1583 1733 Lebegue
1623 1678 1811 1730 eontulit,

271 1743 362 1798 ipse
393 1743 547 1785 iterum
581 1743 748 1785 excussi
782 1749 837 1794 et,
870 1755 964 1784 cum
998 1742 1050 1784 de
1084 1742 1157 1794 eis,
1191 1755 1301 1795 quae
1340 1742 1382 1783 in
1423 1755 1473 1783 eo
1510 1742 1808 1796 corrigentium

271 1807 469 1850 manibus
501 1807 657 1861 scripta
690 1811 801 1858 sunt,
834 1806 959 1848 etiam
990 1810 1077 1848 tum
1102 1806 1355 1859 dubitarem,
1389 1810 1434 1847 ut
1456 1807 1586 1848 Henr.
1611 1806 1810 1861 Lebegue

271 1885 366 1913 eum
406 1871 544 1913 denuo
583 1871 812 1926 inspiceret
850 1871 1006 1913 curavi.
1053 1871 1344 1926 corrigebatur
1386 1870 1496 1912 enim
1542 1876 1582 1912 et
1623 1871 1676 1912 ab
1720 1872 1809 1926 ipso

331 2057 357 2101 ¹)
384 2056 578 2101 Pei-peram
613 2056 709 2091 hunc
743 2057 906 2091 codicem
939 2067 1091 2092 numero
1117 2058 1185 2093 322
1217 2056 1373 2101 signavi.
1414 2066 1494 2090 cum
1527 2055 1731 2099 signandus
1763 2056 1809 2090 sit

272 2119 422 2144 numero
443 2111 499 2150 16;
528 2108 587 2144 ille
607 2109 701 2144 enim
722 2119 895 2143 numerus
914 2109 1076 2144 ordinem
1096 2107 1292 2153 signifieat.
1320 2118 1393 2152 quo
1413 2107 1538 2152 Steph.
1558 2107 1755 2143 EndliCher
1775 2107 1807 2142 iu

271 2172 337 2196 suo
369 2161 541 2204 catalogo
575 2162 741 2197 codicum
769 2172 852 2196 mss.
874 2154 1126 2196 bibliothecae
1152 2160 1339 2205 palatinae
1367 2160 1667 2195 vindobonensis
1694 2160 1738 2194 (le
1766 2170 1808 2194 co

272 2214 361 2259 agit.

328 2268 355 2304 ’Ἰ
383 2267 534 2301 Praeter
573 2266 767 2310 epistulam
793 2269 837 2302 37
876 2265 934 2300 hic
968 2266 1083 2300 codex
1118 2265 1294 2310 epistulas
1329 2275 1476 2309 quoque
1510 2266 1690 2301 221—224
1726 2275 1807 2299 con-

270 2319 372 2359 tinet,
392 2318 437 2353 de
456 2318 591 2363 quibus
611 2318 706 2353 infra
723 2330 756 2363 p.
774 2318 1092 2353 LXXI-LXXII
1108 2318 1318 2360 ‹lissei-etur.
1339 2323 1376 2351 et
1394 2317 1548 2351 duarum
1567 2317 1806 2362 epistularum

270 2370 488 2416 fragmenta,
523 2380 618 2414 quae
646 2370 778 2416 Siegfr.
799 2371 928 2406 Reitcr
959 2370 1045 2404 milii
1072 2370 1244 2405 contulit:
1278 2380 1333 2414 ep.
1355 2372 1419 2406 199
1447 2380 1479 2413 p.
1499 2371 1576 2406 258.
1608 2372 1647 2406 10
1674 2382 1739 2405 cur
1767 2391 1805 2394 —

269 2426 347 2466 259,
384 2426 442 2465 123
480 2425 558 2466 260,
596 2426 731 2460 11—‘20
765 2427 801 2458 et
835 2434 889 2468 ep.
929 2426 972 2460 78
1004 2434 1037 2467 1).
1057 2425 1134 2466 335,
1175 2426 1194 2458 5
1221 2423 1310 2468 eleyc'
1337 2442 1377 2446 —
1406 2424 1483 2464 336,
1513 2424 1564 2465 13,
1605 2422 1638 2456 in
1672 2421 1807 2466 quibus

270 2475 487 2520 fragmentis
524 2476 699 2520 cognatio
738 2487 818 2510 eum
856 2475 983 2510 codiee
1016 2475 1184 2510 Parisino
1219 2476 1330 2511 12193
1364 2477 1399 2509 et
1432 2473 1493 2517 qui
1526 2478 1611 2508 sunt
1644 2473 1805 2508 ciusdem

269 2528 416 2573 generis
443 2528 504 2571 (cf.
523 2538 557 2572 p.
578 2527 666 2562 XVI
696 2528 801 2572 sqq),
829 2526 1027 2562 manifesta
1052 2530 1216 2571 apparot.

330 2581 359 2625 ³)
386 2579 552 2615 Contulit
578 2580 675 2614 Flor.
695 2579 851 2624 Weigel.

327 2633 356 2675 ⁴)
383 2633 425 2667 In
451 2643 507 2677 ep.
526 2635 569 2669 37
597 2644 631 2677 p.
651 2634 695 2669 63
722 2634 770 2668 in.
800 2643 921 2667 errore
948 2636 1003 2667 est
1031 2632 1339 2677 praetermissum.

327 2686 356 2729 ⁵)
383 2685 537 2720 Codices
565 2685 796 2729 Reginenses
822 2687 889 2721 993
923 2688 960 2719 et
988 2687 1076 2721 1032
1108 2695 1204 2719 saec,
1224 2683 1326 2720 XVI.
1359 2684 1420 2728 qui
1455 2689 1491 2718 et
1517 2682 1584 2727 ipsi
1613 2683 1708 2716 Acta
1734 2681 1804 2716 eol-

270 2737 418 2772 lationis
443 2736 748 2782 Carthaginensis
774 2738 973 2772 continent.
1013 2737 1149 2771 nullius
1180 2740 1268 2770 sunt
1299 2736 1423 2780 pretii;
1462 2746 1545 2770 nam
1572 2734 1699 2770 eodem
1727 2734 1804 2768 fere

270 2795 434 2835 tempore
477 2800 519 2823 ex
560 2789 687 2824 eodem
722 2790 919 2833 exemplari
953 2789 1126 2834 descripti
1161 2798 1241 2823 esse
1273 2788 1456 2828 videntur,
1495 2787 1593 2832 quod
1621 2786 1804 2830 exemplar

270 2845 333 2875 aut
361 2842 420 2875 ille
448 2841 524 2885 ipse
552 2841 740 2875 Parisinus
768 2844 856 2877 1546
883 2840 953 2875 fuit
980 2847 1042 2874 aut
1071 2840 1197 2874 codex.
1226 2840 1284 2883 qui
1315 2851 1356 2873 ex
1385 2850 1427 2871 oo
1454 2839 1627 2873 manavit.
