2078 3054
311 145 391 193 146

400 278 491 313 Ideo
525 289 602 313 non
633 282 691 313 est
725 265 941 321 superfluus
974 278 1065 320 bap-

351 335 487 370 tismus
521 335 782 380 parvulorum,
814 339 867 380 ut,
899 334 964 380 qui
997 343 1065 377 per

351 393 641 437 generationem
750 391 1064 427 condemnationi
1083 383 1086 393 '

351 451 511 496 obligati
551 455 651 495 sunt,
699 459 767 494 per
805 449 1086 495 regeneratio-5

351 519 437 544 nem
479 509 527 544 ab
567 508 702 544 eadem
742 495 1086 557 condemnatione}

352 566 553 602 solvantur
580 566 636 600 III
661 566 740 611 458,
767 566 802 610 23
831 566 889 608 ct(
903 565 983 611 466,
1011 565 1064 601 19.

350 625 579 670 quicumque
619 628 736 669 negat
773 623 957 668 parvulos
996 633 1064 667 per

349 682 583 726 baptismum
617 681 759 718 Christi
792 692 817 717 a
846 681 1064 726 perditione

351 740 506 776 liberari
521 744 558 776 et
574 739 736 775 salutem
752 740 952 784 percipere
968 749 1064 774 sem·
1084 735 1086 757 ;

350 799 553 843 piternam,
584 798 791 833 anathema
820 798 870 833 sit
899 797 955 831 III
985 797 1086 842 66-2,·

351 857 382 892 8.
406 856 558 901 parvuli
582 856 737 902 quando
761 856 809 891 ad
830 855 1063 900 baptismum

350 914 577 960 offeruntur,
598 924 672 959 quo
694 914 808 949 modo
831 923 900 958 pro
922 913 977 950 eis
998 912 1065 957 illi,

350 984 374 1008 a
407 973 544 1018 quibus
579 971 805 1017 offeruntur,
836 971 1065 1016 interrogati

350 1031 585 1075 respondere
626 1030 792 1074 possint:
845 1028 987 1064 ‘Credit
1026 1028 1085 1063 in*

350 1087 475 1124 deum'
521 1088 557 1123 II
590 1088 669 1133 528,
704 1087 852 1132 8—-529,
886 1087 940 1122 10.
985 1086 1085 1140 530„

352 1146 523 1192 10—532,
554 1146 607 1181 15.
650 1146 689 1181 in
715 1145 948 1190 baptismate
979 1154 1062 1179 cum

350 1205 607 1249 respondetur
658 1203 844 1249 parvulus
897 1197 1086 1247 crederes.

335 1263 416 1309 *qui
456 1263 545 1298 fidei
585 1262 755 1297 nondum
797 1261 913 1296 habet
952 1250 1085 1296 affec-l

349 1326 442 1366 tum,
479 1320 737 1365 respondetur
774 1318 888 1355 fidem
925 1319 1085 1371 habere¹

349 1383 509 1423 propter
556 1378 646 1414 fidei
695 1380 978 1413 sacramentum
1027 1377 1085 1411 etl

350 1441 576 1473 convertere
609 1447 650 1472 se
681 1436 730 1472 ad
761 1435 874 1471 deum
907 1438 1085 1479 propter;

351 1494 617 1531 conversionis
682 1497 966 1529 sacramentum
1029 1484 1085 1526 ΙΙἶ

351 1554 429 1598 531,
475 1553 529 1588 10.
572 1562 641 1597 per
683 1551 908 1588 societatem
951 1549 1085 1608 unius,

350 1611 599 1657 eiusdemque
673 1610 836 1654 spiritus
907 1607 1085 1654 prodestj

350 1669 594 1705 offerentium
658 1668 840 1703 voluntas
902 1659 1085 1711 paruulo¹

350 1727 480 1763 oblato
528 1726 564 1761 II
613 1726 692 1771 522,
740 1726 772 1761 4.
830 1733 1065 1770 regenerans

351 1786 452 1821 enim
482 1784 641 1829 spiritus
671 1783 946 1819 invmaioribus
974 1781 1085 1817 offe-'-

350 1843 523 1880 rentibus
550 1847 589 1878 et
615 1841 779 1886 parvulo
808 1840 938 1877 oblato
966 1849 1066 1874 com·

351 1901 477 1937 munis
508 1905 567 1937 est
598 1900 634 1934 II
664 1900 745 1944 522,
775 1899 808 1934 3.
851 1897 1065 1941 offeruntur

352 1959 506 2004 parvuli
529 1969 606 1994 non
632 1962 710 1993 tam
735 1958 784 1993 ab
808 1956 875 2001 eis,
904 1965 1064 2001 quorum

351 2021 554 2063 gestantur
604 2015 792 2059 manibus,
854 2024 968 2059 quarn
1019 2013 1085 2051 ab÷

351 2076 535 2111 universa
596 2073 782 2109 societate
845 2074 1086 2123 sanctorum3

352 2138 467 2179 atque
495 2132 663 2168 fidelium
692 2130 727 2165 II
754 2130 833 2175 526,
860 2129 913 2164 14.
941 2138 1086 2174 neque1

351 2194 561 2236 propterea
595 2199 673 2225 non
707 2191 997 2233 regenerantur,
1034 2184 1087 2225 si}

353 2259 430 2284 non
457 2249 505 2284 ab
533 2243 608 2283 illis
635 2247 706 2282 hac
733 2245 948 2282 intentione
975 2242 1087 2288 offe--

352 2311 488 2342 runtur
518 2306 553 2340 II
585 2305 664 2349 526,
696 2305 726 2339 7.
771 2302 881 2338 multi
912 2300 1087 2347 parvuli}

353 2376 431 2400 non
458 2363 672 2399 offeruntur
699 2373 722 2397 a
747 2361 971 2406 parentibus
998 2358 1087 2413 sedg

354 2423 469 2459 etiam
517 2432 541 2456 a
589 2419 823 2466 quibuslibet
871 2416 1066 2453 extraneis

354 2480 389 2515 II
421 2480 499 2524 527,
535 2479 587 2513 15.
633 2476 836 2522 parvulum
869 2475 943 2511 etsi
973 2474 1087 2510 non-'

353 2538 443 2574 dum
477 2537 572 2573 fides
604 2536 679 2581 illa,
713 2546 811 2581 quae
841 2535 881 2570 in
911 2527 1087 2570 creden-¹

352 2596 448 2631 tium
493 2595 695 2630 voluntate
741 2593 931 2637 consistit,
991 2592 1086 2633 iam¹

353 2659 482 2689 tamen
512 2653 635 2696 ipsius
664 2651 754 2687 fidei
784 2641 1087 2686 sacramentum‘

355 2711 504 2747 fidelem
532 2711 626 2746 facit
650 2710 686 2745 II
712 2711 872 2755 531,19.
910 2706 1087 2766 quidam?

353 2770 402 2804 ad
472 2768 704 2813 baptismum
776 2767 1086 2815 percipiendum

356 2827 539 2870 parvulos
581 2826 719 2871 ferunt,
756 2826 859 2871 quod
897 2835 962 2861 eos
1001 2835 1067 2869 pu-

983 161 1126 201 Index
1154 159 1197 201 V.

1152 282 1236 314 tant
1282 279 1353 314 hoc
1398 280 1568 317 remedio
1614 279 1865 327 temporalem

1152 336 1317 373 retinere
1353 338 1415 373 vel
1451 339 1622 383 recipere
1660 341 1864 376 sanitatem

1153 393 1189 427 II
1213 394 1291 439 526,
1316 395 1348 430 4.
1372 395 1410 430 in
1436 395 1520 440 ipso
1544 397 1737 442 baptismo
1762 398 1864 444 quod

1152 452 1323 497 vocibus,
1350 453 1488 498 quibus
1518 460 1693 500 possunt,
1722 460 1761 491 et
1789 465 1866 491 mo-

1151 509 1253 545 tibus
1298 511 1451 554 parvuli
1495 512 1745 558 reluctantur,
1789 523 1866 548 non

1152 567 1207 603 eis
1235 567 1446 611 imputatur
1474 574 1589 615 atque
1617 571 1741 606 omnis
1768 571 1866 607 reni-

1152 635 1216 660 sus
1251 626 1421 669 ipsorum
1456 627 1564 662 nihili
1598 628 1780 672 penditur
1813 628 1866 664 IV

1154 683 1230 728 103,
1268 684 1299 718 2.
1360 684 1399 718 in
1447 684 1611 720 ecclesia
1658 690 1867 730 propterea

1152 751 1236 777 cum
1272 741 1516 785 baptizandis
1551 743 1725 787 parvulis
1761 743 1866 779 festi-

1152 803 1265 834 natur
1299 803 1337 835 et
1369 800 1543 845 curritur,
1578 801 1669 846 quia
1702 801 1869 837 creditur

1152 857 1264 892 aliter
1302 867 1368 893 eos
1407 859 1446 893 in
1484 858 1636 894 Christo
1674 858 1866 895 vivificari

1152 915 1306 952 omnino
1344 926 1420 951 non
1456 926 1571 960 posse
1607 916 1659 951 III
1696 917 1776 961 576,
1814 917 1867 951 14.

1153 973 1184 1007 si
1225 973 1310 1018 quis
1350 973 1536 1018 parvulus
1576 978 1666 1010 ante
1708 974 1865 1010 maioris

1151 1041 1261 1066 usum
1304 1041 1351 1066 ex
1392 1031 1464 1066 hac
1504 1031 1588 1067 vita
1628 1032 1864 1077 migraverit,

1152 1097 1219 1132 per
1252 1089 1377 1133 ipsum
1409 1089 1642 1134 baptismum
1676 1099 1866 1125 commen-

1151 1146 1268 1182 dante
1304 1146 1490 1183 ecclesiae
1526 1147 1687 1183 caritate
1722 1158 1745 1182 a
1778 1158 1866 1183 con-

1151 1203 1398 1240 demnatione
1432 1204 1616 1240 libera-tur
1651 1205 1687 1240 II
1719 1205 1799 1251 532,
1833 1206 1865 1240 7.

1152 1261 1331 1307 infantes,
1379 1262 1470 1308 quia
1514 1272 1582 1308 per
1629 1263 1724 1298 alios
1771 1263 1867 1298 fiunt

1152 1320 1366 1366 credentes,
1403 1332 1428 1356 a
1464 1321 1602 1367 quibus
1641 1320 1865 1365 baptizandi

1152 1377 1377 1424 offeruntur,
1405 1389 1473 1424 per
1501 1378 1586 1414 illos
1614 1378 1746 1424 utique
1776 1383 1866 1414 sunt

1153 1435 1352 1482 increduli,
1376 1436 1408 1471 si
1430 1436 1534 1481 apud
1555 1436 1653 1472 tales
1676 1440 1777 1481 sunt,
1800 1435 1864 1481 qui

1152 1504 1228 1539 eos,
1253 1494 1343 1529 dum
1367 1493 1462 1529 nihil
1485 1494 1669 1539 prodesse
1691 1494 1865 1537 credunt,

1151 1550 1371 1587 offerendos
1399 1562 1482 1587 esse
1512 1561 1590 1587 non
1620 1552 1784 1587 credunt
1813 1550 1865 1585 IV

1153 1609 1229 1654 169,
1264 1609 1320 1653 123
1354 1610 1399 1651 cs.
1434 1609 1513 1655 415,
1546 1609 1599 1644 11.
1632 1609 1734 1655 quod
1767 1608 1865 1643 alius

1151 1667 1338 1711 parvulus
1400 1667 1455 1702 sic
1515 1667 1763 1713 gubernatur,
1824 1670 1866 1701 ut

1151 1725 1371 1770 baptizatus
1429 1725 1517 1760 hinc
1575 1729 1699 1769 exeat,
1756 1723 1864 1767 alius,

1152 1783 1375 1829 priusquam
1424 1783 1682 1827 baptizandus
1721 1781 1867 1817 -offera-

1152 1845 1225 1886 tur,
1253 1841 1416 1886 expirat,
1445 1851 1569 1886 neque
1597 1840 1677 1875 fato
1704 1839 1767 1875 vel
1791 1839 1866 1874 for-

1151 1903 1268 1935 tunae
1293 1899 1463 1934 dandum
1487 1903 1545 1934 est
1569 1908 1692 1943 neque
1718 1896 1865 1933 meritis

1153 1956 1475 2001 praecedentibus
1543 1955 1625 1991 sive
1693 1955 1864 1999 ipsorum

1153 2015 1236 2051 sive
1276 2018 1480 2059 parentum
1523 2013 1575 2048 IV
1618 2013 1697 2057 201,
1737 2013 1769 2048 5.
1812 2012 1865 2047 19.

1151 2073 1199 2108 ab
1251 2072 1431 2118 originali
1484 2075 1644 2115 peccato
1697 2069 1865 2105 infantes

1153 2131 1340 2166 immunes
1367 2140 1450 2166 esse
1480 2139 1558 2164 non
1586 2132 1761 2173 possunt,
1791 2126 1865 2162 nisi

1152 2189 1200 2226 ab
1233 2189 1316 2224 eius
1352 2192 1463 2223 reatu
1497 2197 1565 2232 per
1599 2185 1741 2222 Christi
1774 2186 1865 2228 bap-

1152 2246 1307 2282 tismum
1338 2246 1584 2282 resolvantur
1614 2245 1669 2280 III
1698 2245 1777 2290 466,
1808 2245 1864 2287 19;

1153 2304 1199 2345 cf.
1245 2303 1296 2339 IV
1341 2304 1420 2348 410,
1464 2304 1496 2339 5.
1552 2303 1592 2338 in
1632 2303 1865 2347 baptismate

1152 2362 1421 2397 exorcizantur
1454 2366 1492 2397 et
1524 2359 1779 2397 exsufflantur
1812 2359 1866 2393 in-

1153 2419 1290 2464 fantes,
1324 2419 1427 2465 quod
1456 2418 1633 2454 diabolus
1662 2418 1717 2453 eis
1746 2416 1866 2453 domi-

1153 2481 1267 2512 natur
1315 2486 1384 2520 per
1433 2480 1634 2520 peccatum
1684 2474 1865 2518 princeps

1153 2535 1284 2579 utique
1323 2538 1568 2579 peccatorum
1606 2533 1658 2568 IV
1695 2532 1773 2577 212,
1812 2531 1867 2567 18.

1153 2592 1192 2627 in
1235 2592 1468 2636 baptismate
1515 2590 1764 2635 parvulorum
1811 2589 1866 2624 in-

1153 2650 1291 2695 fantes,
1328 2654 1367 2685 et
1401 2660 1486 2685 curn
1523 2648 1792 2684 exorcizantur
1828 2650 1866 2682 et

1154 2718 1246 2752 cum,
1280 2708 1315 2743 ei
1356 2718 1395 2743 se
1435 2716 1503 2750 per
1544 2716 1621 2751 eos,
1664 2716 1688 2740 a
1727 2704 1864 2750 quibus

1152 2769 1364 2810 gestantur,
1427 2764 1649 2800 renuntiare
1709 2771 1866 2806 respon-

1153 2823 1257 2868 dent,
1317 2834 1340 2858 a
1400 2821 1542 2857 diaboli
1574 2819 1864 2855 nominatione
