2078 3054
314 155 399 197 330

314 1798 474 1823 ullus:

361 284 440 327 487,
490 284 544 318 14.
594 283 715 329 magis
766 285 894 317 autem
943 285 1078 317 contra

360 341 586 376 Donatistas
630 350 696 385 pro
741 339 905 375 ecclesia
948 338 1078 374 cat-ho-

360 399 436 434 lica
464 398 616 443 ¹scripsit
646 398 681 432 II
709 397 789 441 486,
818 397 872 431 14.
903 406 1001 442 quae
1030 396 1077 431 de

362 456 525 492 concilio
592 456 720 500 aliquo
786 454 1076 490 Donatistarum

360 513 584 559 Carthagini
616 512 809 549 celebrato
841 511 1011 558 prodidit
1040 514 1079 546 et

360 572 406 607 de
453 571 635 607 Deuterio
681 574 796 616 atque
843 569 996 605 Donato
1043 568 1078 604 II

361 630 440 673 486,
477 629 650 673 19—487,
689 629 743 664 10.
780 627 880 663 idem
916 637 1078 663 comme-

360 686 526 723 moravit
568 686 767 722 etiamtum
809 685 943 722 vivere
985 685 1078 720 mul-

360 749 431 788 tos,
481 755 550 790 per
598 754 706 789 quos,
757 754 855 789 quae
904 743 1078 788 dixisset,

359 802 574 838 certissima
620 805 659 837 et
705 800 947 847 apertissima
993 811 1077 836 esse

359 860 655 896 ostenderentur
705 860 740 894 II
793 860 871 904 487,
925 859 980 894 19.
1032 859 1076 894 Α.

1111 744 1143 780 U
1158 755 1174 779 r
1188 743 1212 779 b
1227 754 1287 779 an
1302 755 1326 779 u
1341 754 1357 779 s
1419 743 1606 787 Donatus,

984 167 1126 204 Index
1155 168 1199 203 V.

1159 281 1297 316 litteris
1351 292 1480 317 eorum
1536 285 1576 318 et
1628 282 1730 318 fama
1782 294 1874 318 nun-

1159 339 1280 374 tiante
1317 339 1502 385 cognovit
1535 340 1589 375 ΙΠ
1624 341 1705 385 380,
1740 340 1773 376 5.
1809 340 1875 376 Ur-

1158 395 1280 432 banus
1318 397 1521 442 episcopus
1558 397 1727 442 Darium,
1764 408 1875 443 quern

1159 455 1263 500 apud
1300 454 1571 501 Carthaginem
1610 455 1648 491 in
1685 455 1876 491 Hilarensi

1159 513 1301 558 oppido
1357 516 1395 548 et
1446 513 1560 549 modo
1614 513 1652 549 in
1706 512 1875 549 Siccensi

1159 574 1408 617 cognoverat,
1437 571 1480 606 A.
1507 582 1574 616 per
1599 571 1747 607 littera-s
1776 582 1876 607 com-

1159 628 1358 664 mendavit
1388 629 1440 664 IV
1471 629 1550 673 497,
1581 630 1613 664 4.
1646 630 1701 664 11.
1732 630 1812 674 499,
1842 630 1876 665 3.

1158 687 1239 731 500,
1267 687 1301 722 3.
1331 686 1364 722 6.

1668 745 1776 780 cuius
1839 744 1877 779 in

1159 802 1272 838 domo
1300 800 1499 838 Secundus
1525 802 1761 847 Tigisitanus
1789 813 1876 838 eon-

1160 860 1288 896 cilium
1313 859 1447 895 habuit
1471 859 1506 895 II
1531 860 1608 904 155,
1635 860 1690 896 13.

359 918 595 953 Restitutum
644 917 869 953 cohortatus
918 920 988 961 est,
1035 918 1079 951 ut
1112 917 1311 954 Urbica
1365 918 1411 953 de
1467 917 1704 964 Figentibus,
1759 918 1877 953 vidua

359 976 599 1021 Tychonium
633 975 781 1021 legeret
813 985 890 1010 non
924 974 1078 1020 quidem

359 1034 488 1069 omnia
528 1032 774 1080 probaturus3
814 1032 1078 1078 quaestionem

360 1096 500 1136 tamen,
546 1102 621 1137 quo
668 1092 782 1127 modo
830 1091 869 1126 in
915 1090 1079 1126 ecclesia
1110 1091 1336 1127 urbicus
1376 1092 1437 1136 (i.
1495 1102 1528 1127 e.

360 1150 432 1194 dei,
469 1150 501 1185 si
537 1160 614 1195 qua
648 1159 832 1195 perversa
866 1148 928 1185 vel
963 1148 1078 1184 etiam

359 1208 549 1244 scelerata
596 1207 736 1253 corrigi
784 1217 860 1242 non
909 1210 1078 1252 possent,

359 1267 468 1301 salvo
500 1266 659 1301 unitatis
690 1265 846 1301 vinculo
879 1264 1079 1300 toleranda

359 1327 500 1369 essent,
533 1328 686 1359 strenue
721 1323 792 1359 sibi
824 1323 947 1358 videri
979 1326 1077 1358 trac-

359 1382 505 1418 tavisse
546 1385 661 1426 atque
703 1381 866 1416 solvisse
907 1381 958 1415 IV
996 1380 1077 1424 592,

360 1441 390 1475 7.
417 1440 692 1475 Parmenianus
719 1449 806 1474 eum
833 1438 1077 1474 rescribendo

361 1498 599 1543 compescuit
653 1500 690 1532 et
744 1496 974 1541 deterrebat,
1029 1507 1076 1532 ne

359 1556 453 1592 talia
497 1555 682 1591 scriberet
724 1555 760 1590 II
803 1555 883 1599 487,
927 1554 985 1599 123
1030 1554 1077 1597 cl.

359 1615 439 1659 486,
463 1614 517 1649 16.
539 1613 728 1660 Tychonii
751 1617 898 1658 septem
920 1612 1077 1659 regulae

360 1673 422 1708 vel
447 1672 577 1708 claves
603 1671 638 1706 II
663 1672 719 1716 83,
745 1671 799 1706 17.

528 1788 571 1823 Λ.
622 1787 784 1831 dubitat,
836 1798 885 1823 an
937 1786 1077 1822 alicubi

360 1847 551 1891 scriptura
575 1846 708 1881 divina
730 1846 777 1882 de
803 1845 966 1881 diversis
992 1844 1077 1880 sub-

360 1904 513 1940 stantiis
538 1904 688 1949 dixerit,
715 1904 819 1949 quod
844 1914 959 1938 unum
986 1903 1076 1946 sint3

358 1973 435 1998 non
467 1962 567 1998 enim
596 1961 720 1997 videri
751 1962 895 1997 dictum
926 1961 1000 1996 nisi
1030 1961 1078 1996 de

359 2021 417 2056 his
467 2019 593 2064 rebus,
643 2030 737 2065 quas
788 2022 942 2055 constat
991 2029 1077 2055 esse

359 2078 471 2113 unius
531 2078 778 2123 eiusdemque
839 2076 1077 2112 substantiae

361 2136 413 2170 IV
452 2136 532 2180 552,
574 2135 632 2180 223
672 2135 737 2171 ubi
780 2135 997 2170 inveniatur
1038 2135 1076 2169 in

360 2194 559 2239 scripturis
581 2193 726 2238 aliquid
746 2203 863 2228 unum
884 2193 930 2228 de
951 2192 1076 2228 diver-

360 2252 412 2287 sis
450 2251 610 2296 naturis,
649 2251 740 2286 addi
779 2251 841 2286 vel
881 2250 1077 2286 subaudiri

359 2309 450 2354 quid
483 2319 600 2344 unum
631 2309 711 2353 555,
744 2308 799 2343 22.

312 2366 576 2411 Urbanus,
627 2367 830 2412 episcopus

359 2425 394 2460 II
424 2425 502 2469 153,
534 2425 589 2460 16.

314 2483 344 2518 U
360 2494 376 2517 r
390 2482 413 2517 b
427 2493 451 2517 a.
464 2493 488 2517 n
504 2493 527 2517 u
543 2493 559 2516 s
615 2481 814 2527 presbyter
869 2481 1077 2517 Marcellini

882 2366 1077 2401 Romanus

361 2541 508 2575 litteras
548 2541 591 2574 A.
631 2540 796 2575 reddidit
837 2539 889 2574 III
927 2540 1005 2583 251,
1044 2540 1093 2579 6!

360 2599 459 2634 hunc
492 2598 574 2633 veri
606 2598 836 2633 simillimum
869 2601 926 2632 est
959 2597 1093 2641 fuisse³

361 2656 524 2691 cundem
566 2659 681 2701 atque
725 2655 918 2690 Urbanum
961 2655 1077 2698 illum,

360 2714 426 2758 qui
484 2718 527 2748 ut
584 2714 830 2758 episcopatus
890 2713 1077 2757 sarcinam

361 2771 517 2815 subiret,
553 2782 638 2807 cum
673 2771 878 2816 Peregrino
913 2771 1077 2806 diacono

362 2830 540 2874 perrexit,
570 2840 665 2874 quos
695 2829 739 2864 A.
769 2829 898 2865 salvos
928 2838 1011 2865 esse
1042 2832 1078 2864 et

1159 976 1333 1020 honesta,
1371 975 1511 1011 ancilla
1548 975 1623 1019 dei;
1661 976 1743 1012 eius
1780 987 1876 1012 som-

1159 1034 1264 1069 nium
1290 1034 1343 1069 III
1367 1034 1447 1078 490,
1473 1034 1527 1069 12.

1588 1092 1716 1128 incola
1772 1091 1876 1128 urbis

1158 1149 1319 1195 Romae)
1354 1150 1507 1195 quidam
1546 1159 1719 1186 sermone
1756 1161 1877 1196 paene

1157 1208 1377 1244 universam
1414 1208 1557 1244 Christi
1592 1208 1794 1244 ecclesiam
1829 1208 1878 1244 ab

1159 1266 1384 1302 ortu-solis
1432 1276 1553 1311 usque
1601 1266 1650 1301 ad
1696 1276 1875 1302 occasum

1158 1324 1286 1359 verbis
1361 1324 1663 1360 iniuriosissimis
1736 1327 1877 1370 nequa-

1159 1393 1272 1427 quam
1304 1382 1473 1418 lacerare
1505 1382 1643 1426 timuit,
1676 1393 1761 1418 cum
1793 1392 1877 1427 pro-

1158 1440 1249 1476 bare
1283 1440 1482 1476 contendit
1515 1439 1675 1475 sabbato
1710 1449 1793 1476 csse
1828 1440 1876 1474 ie-

1161 1498 1381 1541 iunandum,
1425 1498 1471 1534 de
1515 1508 1590 1543 quo
1632 1497 1676 1533 A.
1719 1498 1799 1543 agit
1841 1498 1874 1532 ΙΙ

1158 1556 1216 1601 32,
1244 1556 1393 1601 24-54,
1421 1556 1476 1591 20.
1507 1566 1540 1591 v.
1570 1555 1711 1591 Simon.

1111 1614 1144 1650 U
1158 1625 1175 1648 r
1188 1625 1213 1659 g
1228 1624 1247 1649 e
1262 1624 1286 1648 n
1302 1624 1318 1649 s
1334 1613 1345 1648 i
1361 1624 1377 1649 s
1408 1624 1442 1649 v.
1474 1614 1703 1649 Marcianus.

1112 1683 1136 1707 u
1152 1682 1168 1707 s
1184 1683 1207 1707 u
1223 1683 1241 1707 r
1253 1683 1277 1707 a
1291 1682 1327 1716 e,
1379 1681 1474 1717 quas
1525 1671 1631 1716 ipsae
1682 1672 1786 1717 leges
1839 1675 1876 1707 et

1160 1730 1305 1765 iudices
1346 1730 1452 1765 reddi
1492 1728 1634 1773 iubent,
1674 1729 1706 1765 si
1746 1729 1875 1775 iniquo

1151 1788 1392 1846 ofaeneratori
1426 1788 1540 1823 datae
1576 1787 1663 1832 sint,
1696 1798 1774 1822 non
1807 1790 1876 1830 est,

1159 1841 1235 1891 (1¹¹0
1277 1846 1401 1882 iudice
1443 1849 1677 1891 repetantur,
1717 1845 1770 1880 ΙΙΙ
1809 1845 1876 1880 425

1159 1904 1214 1939 20.

1110 1973 1135 1997 u
1150 1973 1174 1996 x
1189 1973 1211 1998 o
1226 1973 1243 1997 r
1258 1972 1277 1997 e
1292 1973 1328 1997 m
1364 1961 1477 1997 nullis
1515 1961 1691 1997 humanis
1728 1960 1876 2006 legibus

1158 2020 1248 2055 licet
1308 2019 1487 2063 vendere,
1548 2018 1690 2055 Christi
1748 2022 1875 2054 autem

1158 2077 1307 2124 legibus
1354 2088 1425 2113 nec
1473 2077 1665 2113 dimittere
1714 2080 1876 2121 excepta

1159 2146 1277 2172 causa
1312 2135 1579 2171 fornicationis
1616 2134 1669 2169 III
1704 2135 1784 2179 478,
1819 2134 1874 2170 18.

1158 2204 1254 2229 uxor
1281 2194 1354 2229 viri
1381 2193 1652 2229 auctoritatem
1682 2196 1874 2237 tamquam

1159 2252 1217 2287 sui
1248 2252 1385 2297 capitis
1416 2255 1598 2296 sequatur
1628 2250 1875 2287 oboedienter

1161 2309 1213 2344 lV
1243 2309 1321 2353 628,
1352 2310 1384 2344 4.
1415 2309 1524 2343 uxori
1555 2309 1770 2344 cavendum
1800 2313 1870 2344 est.

1159 2371 1201 2402 ut
1224 2378 1270 2402 nc
1294 2367 1352 2402 vir
1377 2366 1659 2402 scandalizet-ur
1682 2377 1804 2411 neque
1827 2366 1874 2401 de

1158 2425 1267 2460 bonis
1305 2424 1387 2460 eius
1423 2423 1602 2470 operibus
1640 2424 1692 2459 IV
1727 2424 1807 2468 626,
1842 2424 1875 2458 5.

1161 2484 1214 2518 16.
1239 2493 1334 2518 uxor
1357 2482 1451 2517 nihil
1474 2482 1520 2517 de
1545 2492 1614 2517 sua
1638 2485 1759 2526 veste,
1782 2481 1874 2516 nihil

1158 2541 1205 2576 de
1246 2551 1339 2575 auro
1379 2540 1441 2575 vel
1482 2542 1642 2585 argento
1683 2539 1746 2575 vel
1784 2549 1875 2584 qua-

1158 2609 1320 2643 cumque
1348 2597 1521 2642 pecunia.
1549 2596 1660 2632 rebus
1689 2597 1775 2632 ullis
1802 2599 1874 2631 ter-

1161 2656 1262 2691 renis
1319 2656 1396 2691 suis
1453 2656 1533 2690 sine
1589 2654 1746 2689 arbitrio
1800 2654 1872 2688 viri

1159 2714 1285 2749 facere
1314 2713 1427 2748 debet
1455 2713 1507 2747 IV
1534 2713 1613 2757 624,
1641 2712 1790 2755 9—-628,
1821 2713 1873 2746 13.

1158 2772 1205 2807 de
1251 2771 1385 2806 habitu
1430 2774 1545 2815 atque
1591 2769 1736 2805 vestitu
1781 2768 1874 2804 nihil

1160 2829 1269 2865 uxori
1313 2832 1464 2875 praeter
1508 2827 1635 2864 mariti
1678 2827 1875 2864 arbitrium
