2078 3054
306 193 393 228 Xll'
956 189 1195 226 Praetutia

361 310 504 352 Codex
538 308 1084 363 Audomaropolitanus
1118 308 1177 348 76
1210 307 1526 362 elegantissime
1559 312 1759 349 exaratus
1788 307 1830 349 in

302 374 503 426 Catalogo
534 373 723 427 generali
755 386 974 427 perperam
1004 372 1170 413 saeculo
1193 371 1275 412 XII
1308 371 1561 424 attribuitur,
1594 384 1688 413 cum
1711 371 1831 413 mini-

302 451 413 478 mum
437 437 497 477 XI
527 436 628 477 mihi
657 437 836 490 scriptus
859 449 951 477 esse
973 434 1180 477 videatur.
1213 434 1377 487 antiqui
1400 434 1666 488 grammatici
1689 448 1831 476 curam

301 501 407 541 inter
448 500 530 541 alia
571 499 866 554 deprehendas
909 499 951 539 in
994 511 1054 548 eo,
1103 497 1213 552 quod
1257 498 1345 539 fere
1383 498 1540 551 ubique
1580 497 1834 552 lucrificaret

300 564 498 618 scriptum
540 569 603 605 est
634 577 707 618 pro
731 562 1005 617 lucrifaceret.
1020 564 1049 616 ¹)
1083 562 1125 603 in
1149 562 1353 604 vertendo
1376 562 1582 604 versiculo
1603 561 1718 603 haud
1739 575 1832 603 raro

301 628 433 668 verba
463 627 760 682 praetermissa
791 632 888 668 sunt
916 630 957 668 et
977 626 1019 667 in
1042 626 1175 667 tribus
1196 626 1366 680 paginis
1387 626 1610 680 postremis
1632 625 1833 667 nonnulla

300 691 429 732 verba
470 691 625 732 relictis
666 690 814 745 spatiis
855 690 996 732 omisit
1036 689 1244 731 librarius.
1288 715 1342 719 -—
1381 688 1638 731 emendandi
1677 688 1833 731 codicis

301 755 417 796 labor
439 755 502 796 bis
525 761 744 809 susceptus
776 758 853 806 est,
885 754 1063 808 primum
1096 753 1263 795 saeculo
1295 753 1402 794 XIII
1435 753 1506 807 (m.
1532 753 1576 808 2)
1610 757 1651 795 et
1680 753 1833 795 iterum

300 818 465 860 saeculo
497 817 753 859 XIV—XV.

360 881 503 923 Codex
537 881 798 923 Parisinus
830 894 936 922 nov.
966 894 1068 934 aeq.
1104 880 1231 921 1444
1263 880 1319 921 ad
1351 884 1435 922 tres
1467 880 1704 935 superiores
1734 894 1830 934 gra-

301 945 517 987 vissimum
550 945 689 987 adfert
720 945 1073 1000 supplementum.
1114 944 1223 986 inter
1255 957 1360 998 quos
1393 958 1486 986 cum
1517 944 1833 999 propinquitate

301 1009 546 1063 longissime
587 1009 712 1061 absit,
761 1009 833 1051 ubi
875 1007 976 1062 quid
1008 1007 1126 1050 dubii
1159 1007 1348 1062 emergit,
1391 1007 1592 1050 iudicium
1635 1007 1752 1049 iuvat
1793 1012 1833 1049 et

308 1086 416 1114 unus
448 1073 632 1114 omnium
665 1072 776 1114 haud
808 1085 901 1113 raro
933 1076 996 1114 est
1028 1071 1428 1126 praestantissimus.
1441 1073 1473 1125 2)
1505 1085 1761 1125 quamquam
1792 1076 1834 1113 et

300 1137 437 1190 ipsum
459 1136 730 1191 epistularum
750 1137 883 1178 verba
902 1136 1084 1177 virorum
1105 1134 1321 1177 doctorum
1334 1135 1503 1177 licentia
1516 1148 1832 1189 nonnumquam

299 1200 531 1254 depravata
558 1199 714 1242 habere
737 1200 972 1255 complures
993 1199 1072 1241 loci
1094 1203 1193 1241 sunt
1215 1199 1524 1254 documento.³)
1549 1224 1601 1229 —
1626 1199 1833 1254 epistulae

307 1265 401 1306 132.
437 1263 531 1305 135.
569 1264 647 1304 137
682 1268 723 1305 et
755 1269 947 1305 extrema
979 1262 1134 1304 codicis
1167 1276 1265 1317 pars
1296 1264 1350 1304 ab
1384 1276 1448 1317 ep.
1473 1263 1559 1304 240
1588 1263 1672 1304 alia
1703 1263 1831 1317 scrip-

300 1332 407 1380 tura,
439 1327 534 1369 aliis
557 1326 832 1382 compendiis,
865 1327 950 1368 alia
971 1326 1274 1381 orthographia
1294 1327 1348 1368 ab
1371 1326 1453 1368 alio
1474 1326 1644 1368 librario
1666 1326 1833 1368 saeculo

300 1390 385 1432 XII
407 1395 503 1433 sunt
525 1391 719 1446 scriptae.
744 1391 862 1433 cuius
884 1391 942 1432 rei
966 1395 1010 1431 ut
1033 1390 1272 1444 exemplum
1296 1389 1520 1445 proferam,
1549 1389 1616 1431 hic
1637 1389 1834 1431 librarius

299 1456 425 1496 etiam
457 1454 682 1507 scribebat,
715 1468 808 1496 cum
832 1468 907 1509 per
929 1458 1061 1495 totum
1083 1454 1290 1507 reliquum
1319 1453 1507 1497 codicem
1537 1455 1691 1496 aetiam
1715 1466 1832 1495 eraso

301 1532 325 1559 α
359 1518 557 1573 scriptum
591 1518 826 1561 videamus.
859 1519 952 1572 ipsa
974 1531 1075 1559 vero
1098 1517 1370 1572 epistularum
1393 1518 1525 1560 verba
1552 1518 1594 1559 in
1617 1517 1688 1559 illa
1714 1521 1834 1572 parte

298 1595 383 1624 non
417 1581 602 1624 deterius
633 1587 731 1624 sunt
763 1582 931 1623 tradita.
971 1607 1025 1613 —
1059 1581 1286 1623 emendare
1318 1581 1505 1624 codicem
1537 1581 1677 1636 plures
1710 1594 1833 1623 cona-

302 1646 470 1698 bantur,
504 1660 607 1700 quos
638 1660 786 1688 omnes
817 1652 917 1688 nota
948 1661 1001 1687 m.
1024 1648 1053 1688 2
1083 1645 1335 1699 significavi.

358 1709 505 1752 Codex
528 1711 643 1751 Mus.
669 1710 786 1752 Brit.
811 1711 924 1764 Reg.
949 1711 974 1750 5
998 1710 1101 1751 Dv1
1128 1709 1300 1764 propius
1327 1709 1491 1752 accedit
1521 1709 1575 1752 ad
1608 1710 1831 1752 Monacen-

297 1786 385 1815 sem
414 1773 541 1826 6266,
575 1773 941 1829 Salisburgensem
963 1773 1003 1814 X
1026 1772 1093 1825 29,
1128 1772 1603 1828 Audomaropolitanum
1628 1774 1682 1814 76
1705 1787 1831 1827 quam

300 1837 353 1878 ad
385 1837 624 1879 Parisinum
656 1851 753 1880 nov.
776 1851 870 1891 acq.
899 1838 1020 1878 1444.
1055 1836 1129 1879 sed
1159 1837 1365 1892 epistulae
1387 1838 1511 1893 paulo
1533 1837 1715 1892 amplius
1737 1841 1834 1879 sunt

299 1905 549 1943 retractatae
578 1906 619 1942 et
641 1901 846 1956 imprimis
868 1902 1090 1943 verborum
1113 1902 1346 1945 conlocatio
1369 1915 1526 1956 magna
1547 1915 1641 1943 cum
1663 1901 1834 1943 licentia

298 1965 517 2006 inmutata.
567 1964 938 2019 interpretationes
986 1967 1169 2009 virorum
1208 1967 1425 2009 doctorum
1462 1978 1548 2006 una
1586 1978 1680 2006 cum
1717 1978 1833 2020 prae-

301 2027 436 2082 posito
461 2028 590 2069 verbo
615 2028 737 2070 aliter
758 2029 1013 2082 aliquotiens
1035 2031 1163 2072 etiam
1185 2030 1227 2072 in
1251 2030 1483 2072 orationem
1506 2028 1832 2083 inrepseruntf)

301 2091 409 2132 aliae
447 2104 472 2132 a
509 2091 679 2133 librario
721 2106 814 2134 cum
852 2094 1002 2135 vocula
1037 2095 1055 2135 Z
1092 2108 1220 2149 supra
1257 2094 1486 2136 versiculos
1525 2092 1830 2135 scribebantur.

301 2167 407 2207 quae
440 2153 594 2196 deinde
626 2156 792 2198 saeculo
814 2156 917 2197 XIV
947 2161 1020 2199 aut
1040 2157 1119 2199 XV
1143 2158 1216 2214 (m.
1241 2158 1285 2213 2)
1313 2157 1645 2211 corrigebantur,
1677 2155 1832 2197 nullius

300 2222 396 2259 sunt
426 2217 640 2260 momenti.
683 2232 821 2273 neque
853 2233 953 2262 vero
983 2225 1114 2263 totum
1147 2221 1260 2263 hunc
1302 2220 1490 2262 codicem
1534 2219 1716 2272 excussi,
1757 2217 1832 2260 sed

302 2295 394 2322 cum
434 2282 515 2323 125
553 2282 755 2337 epistulas
793 2284 1020 2337 contineat,
1060 2285 1127 2328 his
1164 2286 1219 2328 93
1251 2299 1352 2328 usus
1384 2299 1495 2327 sum:
1528 2283 1654 2326 3—7.
1689 2283 1728 2324 9.
1766 2282 1830 2323 10.

303 2346 483 2387 14-20.
517 2345 701 2388 24-27.
735 2347 919 2390 30-35.
955 2349 1020 2391 38.
1056 2351 1125 2391 41.
1158 2351 1225 2392 43.
1260 2350 1329 2391 44.
1361 2349 1428 2390 46.
1459 2348 1527 2389 47.
1552 2347 1620 2390 49.
1643 2345 1830 2388 51-53,

368 2450 395 2492 ¹)
421 2448 475 2483 Cs.
496 2460 550 2494 ep.
569 2452 614 2485 40
640 2461 673 2494 p.
695 2452 748 2494 73,
782 2454 802 2487 9
828 2451 873 2486 al.
894 2463 947 2496 cp.
969 2455 1011 2488 75
1037 2464 1071 2497 p.
1089 2456 1167 2496 300,
1198 2456 1213 2490 1
1242 2453 1287 2487 al.
1307 2463 1362 2497 ep.
1381 2455 1425 2490 82
1451 2463 1485 2496 p.
1502 2454 1580 2495 379,
1611 2453 1668 2493 17;
1695 2451 1773 2493 381,
1799 2451 1831 2484 2.

304 2504 494 2544 praeterea
520 2500 565 2536 cf.
585 2512 640 2546 ep.
660 2504 703 2538 24
730 2514 763 2546 p.
783 2505 837 2545 75,
863 2506 900 2547 9;
928 2515 983 2548 cp.
1002 2506 1046 2540 93
1073 2516 1104 2549 p.
1124 2508 1202 2548 467,
1232 2508 1289 2547 12;
1317 2516 1372 2549 ep.
1395 2507 1460 2541 138
1486 2515 1519 2548 p·
1541 2506 1616 2553 137,
1645 2505 1697 2539 10·

360 2554 389 2595 ²)
415 2553 579 2598 Exempli
613 2565 724 2589 causa
755 2554 883 2590 adfero
911 2566 965 2600 ep.
984 2558 1029 2592 46
1054 2568 1086 2601 p.
1108 2559 1183 2601 124,
1211 2560 1248 2600 6;
1276 2568 1330 2601 ep.
1349 2559 1417 2594 228
1443 2568 1476 2601 p.
1494 2557 1573 2599 493,
1603 2557 1660 2597 14;
1688 2564 1743 2598 ep.
1762 2555 1831 2589 232

303 2615 335 2648 p.
355 2606 432 2646 514,
458 2607 514 2641 27.

360 2657 387 2698 ³)
415 2655 470 2690 Cf.
490 2667 543 2701 ep.
565 2660 629 2694 135
657 2669 689 2702 p.
708 2661 762 2702 90,
789 2662 826 2702 3;
852 2662 889 2701 4;
916 2662 970 2703 92,
998 2662 1035 2701 3,
1063 2671 1119 2705 ep.
1140 2663 1204 2697 153
1231 2672 1263 2705 p.
1282 2663 1360 2703 398,
1389 2663 1446 2704 14;
1475 2671 1530 2704 cp.
1551 2662 1616 2695 164
1641 2670 1675 2703 p.
1695 2659 1773 2700 522,
1793 2659 1829 2698 93

304 2718 359 2751 ep.
380 2711 444 2744 199
471 2720 503 2752 p.
522 2712 600 2749 248,
629 2713 687 2752 1ος
716 2713 774 2753 13;
801 2714 877 2754 256,
907 2714 965 2751 14;
992 2714 1069 2755 257,
1095 2715 1133 2754 4ς
1159 2715 1236 2756 263,
1267 2716 1326 2756 11;
1353 2715 1430 2755 270,
1453 2715 1510 2754 1ος
1538 2722 1593 2756 ep.
1612 2713 1680 2748 228
1698 2721 1731 2754 1)-
1750 2711 1830 2758 493,

307 2763 364 2801 18;
392 2770 446 2803 cp.
466 2763 532 2797 232
558 2772 590 2805 p.
610 2765 687 2805 515,
717 2766 775 2804 10;
803 2774 857 2807 cp.
877 2765 944 2799 262
970 2775 1002 2808 p.
1022 2766 1099 2808 624,
1131 2767 1182 2801 13.

361 2812 389 2851 ⁴)
417 2811 470 2846 Gt.
491 2823 545 2856 cp.
564 2816 607 2848 25
627 2825 659 2857 p.
679 2816 734 2855 81,
761 2816 798 2850 3;
827 2826 881 2858 ‹¹p.
903 2817 945 2850 27
979 2827 1012 2859 p.
1032 2819 1084 2851 97.
1114 2819 1151 2857 33
1179 2827 1233 2860 cp.
1253 2819 1296 2853 32
1323 2828 1355 2860 p.
1375 2819 1406 2859 9.
1433 2819 1470 2860 3;
1499 2827 1553 2860 cp.
1573 2818 1616 2851 90
1643 2817 1773 2859 pu4¹2G=
1794 2817 1830 2856 5;

306 2866 448 2906 υμ.118
475 2868 662 2907 p.685.4.
