2078 3054
910 161 1053 197 Index
1080 161 1125 196 v,
1707 146 1788 191 257

292 278 509 314 obtestatur
536 277 588 312 III
617 277 672 321 81,
699 277 732 311 5.
759 276 854 311 haec
882 278 1021 321 gesta,i

292 345 389 380 quae
421 334 660 369 Marcellinus
695 326 930 377 pror'ni‘serat,
962 319 1021 366 uti

293 393 330 426 in
373 391 536 427 ecclesia
577 390 827 435 Hipponiensi
870 369 1021 460 recita-fl

293 452 423 484 rentur
463 452 503 484 et
541 449 578 483 in
619 448 786 482 omnium
830 446 1003 481 notitiam

294 506 562 551 perferrentur,
594 505 839 539 veliementer
871 514 910 539 se
942 513 1004 538 ex-

294 567 447 608 pectare
488 563 642 607 scripsit
679 563 722 596 A.
764 562 800 596 in
841 572 897 606 ep.
938 561 1004 596 139

293 621 342 656 ad
373 631 458 656 eum
489 620 582 655 data
611 620 662 654 III
697 621 772 662 148,
804 620 860 661 15;
894 617 1004 653 simul

295 679 429 713 iterum
457 678 619 722 rogavit,
644 681 686 711 ut
710 687 832 721 poena
856 676 1003 711 illorum

294 738 443 779 praeter
478 734 703 779 supplicium
738 733 870 768 mortis
904 736 1022 783 esset>

294 793 346 827 lll
371 793 449 837 150,
474 794 490 827 1
517 796 556 827 et
580 803 645 836 per
668 792 871 826 diaconum
894 791 1004 826 Pere-

293 842 443 895 grinum
476 848 805 884 commonitorium
839 848 887 883 ad
921 858 1004 883 eum

294 907 434 943 direxit
462 906 515 941 III
547 907 625 941 150.
658 906 710 940 15.

339 981 557 1016 Marcellino
578 991 663 1015 cum
685 979 894 1015 Volusiano
914 979 1006 1014 coti-

294 1039 409 1074 diana
459 1042 541 1073 erat
591 1037 813 1082 disputatio,
865 1036 1004 1082 quippe

295 1106 380 1130 cum
404 1096 535 1131 matris
558 1096 639 1130 eius
664 1095 882 1139 precatione
906 1104 1005 1129 com-

296 1153 426 1197 pulsus
450 1164 533 1188 eum
560 1152 796 1197 frequentius
822 1152 1006 1187 salutaret

295 1215 333 1245 et
369 1210 417 1245 ab
453 1211 515 1245 illo
554 1210 826 1245 resalutaretur
861 1208 914 1243 III
950 1209 1006 1252 93,

298 1269 350 1303 10.
379 1279 436 1313 ep.
467 1269 533 1302 136
560 1267 799 1302 Marcellinus
827 1266 870 1300 A.
899 1276 1007 1311 roga-

296 1325 372 1369 bat,
397 1329 440 1359 ut
465 1326 514 1360 ad
539 1325 783 1370 quaestiones
810 1323 1006 1368 quasdam,

296 1393 393 1426 quae
451 1382 649 1417 Volusiani
707 1382 873 1416 animum
930 1381 1023 1424 agri-¹

298 1442 434 1483 tarent,
489 1439 718 1483 respondere
772 1439 1025 1484 dignaretu1·.÷

297 1497 358 1531 cui
381 1497 577 1541 rescripsit
602 1497 645 1530 A.
670 1506 726 1540 ep.
753 1497 829 1539 138,
853 1506 927 1540 qua
951 1506 1007 1539 ea,

297 1564 392 1598 quae
437 1554 678 1589 Marcellinus
723 1553 802 1597 ipse
847 1553 880 1588 ei
925 1562 1008 1597 pro-

297 1615 487 1655 posuerat,
522 1614 755 1656 pertractare
788 1614 902 1655 atque
937 1610 1007 1645 sol-

298 1679 387 1703 vere
428 1668 639 1703 conabatur
678 1668 728 1702 111
769 1668 846 1711 126,
885 1669 921 1711 73
961 1668 1006 1709 ‘'l-

300 1726 376 1769 153,
411 1726 443 1760 5.
481 1725 694 1770 complures
732 1725 876 1760 litteras
915 1724 1008 1759 Mar-

298 1782 456 1817 cellinus
496 1783 543 1817 ad
588 1783 629 1816 A.
670 1782 819 1817 misisse
856 1781 1008 1817 videtur

299 1840 350 1873 III
391 1840 469 1883 250,
510 1840 562 1873 12.
604 1839 682 1882 251,
721 1840 753 1873 6.
795 1839 910 1874 libros
951 1838 1009 1874 ‘de

296 1896 484 1941 baptismo
529 1896 784 1941 parvulorum*
829 1896 871 1930 A.
914 1895 1008 1931 Mar-

298 1954 433 1989 cellino
487 1954 600 1997 misit,
655 1954 833 1988 remissos
885 1963 1009 1989 emen-

298 2012 388 2047 dare
437 2011 561 2046 voluit
606 2011 656 2050 111
708 2011 783 2054 152,
829 2012 862 2045 5.
910 2011 1008 2046 idern

299 2069 427 2103 dolere
474 2079 512 2104 se
559 2069 624 2112 ait,
670 2069 770 2113 quod
817 2067 1009 2102 laboribus

298 2126 487 2160 distentus
520 2136 633 2171 agere
664 2126 728 2160 illa
758 2125 942 2169 nequiret,
973 2125 1008 2159 in

298 2193 394 2227 quae
429 2183 668 2218 Marcellinus
702 2193 741 2217 se
775 2183 938 2227 petendo
972 2186 1010 2217 et

299 2240 538 2275 admonendo
574 2244 728 2284 urgeret
759 2240 810 2273 III
846 2239 921 2283 152,
956 2240 1010 2284 14,

300 2297 406 2332 velut
450 2296 533 2332 libri
581 2297 637 2331 ‘de
682 2297 823 2340 genesi‘
870 2300 909 2331 et
953 2297 1010 2331 ‘de

299 2354 481 2389 trinitate‘
522 2364 567 2388 ne
609 2354 751 2388 diutius
791 2357 1010 2396 tenerentur

301 2411 367 2445 sed
412 2411 625 2453 ederentur,
670 2410 914 2456 flagitabatur
959 2410 1010 2445 ΠΙ

300 2467 378 2511 254,
411 2468 443 2502 6.
477 2468 678 2502 nonnullas
712 2468 956 2511 quaestiones
989 2478 1012 2502 a

301 2524 517 2559 Marcellino
566 2525 782 2568 propositas
830 2523 1011 2559 tractavit

302 2593 357 2625 ep.
382 2582 446 2616 143
469 2582 517 2616 ad
539 2592 623 2616 eum
646 2582 747 2616 data.
770 2582 1009 2616 Marcellinus

302 2638 349 2672 ab
383 2639 439 2682 A„
474 2638 564 2683 quid
600 2639 648 2673 de
681 2639 828 2673 animae
865 2639 1011 2683 origine

303 2695 471 2738 sentiret,
497 2705 581 2730 cum
609 2695 927 2739 quaesivissetet
952 2696 1029 2730 liic²

302 2755 431 2786 aestus
470 2762 559 2787 suos
598 2756 636 2786 et
673 2752 925 2796 ignorantiam
965 2753 1012 2787 de

303 2809 377 2843 ista
433 2809 657 2853 quaestione
716 2809 841 2844 fassus
899 2812 1012 2853 esset,

325 2874 422 2900 Lvul.
443 2875 627 2908 Augustinus.
648 2875 908 2907 (Goldbncber.)

1085 276 1238 321 scripsit
1290 276 1338 312 ad
1393 276 1676 321 Hieronymum,
1730 276 1794 322 qui

1087 334 1291 378 rescripsit,
1341 338 1382 369 ut
1434 333 1561 379 potius
1614 334 1655 368 A.
1707 343 1794 369 con-

1086 390 1237 435 suleret,
1291 391 1523 436 significavit
1575 395 1703 426 tamen
1755 401 1794 426 se

1086 448 1212 493 potius
1241 448 1320 483 fieri
1347 458 1459 493 quam
1486 449 1689 494 propagari
1717 449 1794 483 ani-

1086 515 1165 540 mas
1198 505 1351 541 credere
1383 502 1434 540 IV
1466 506 1543 550 155,
1575 506 1631 549 15;
1665 506 1711 547 cf.
1742 504 1795 540 III

1085 562 1164 606 542,
1204 563 1238 598 3.
1280 563 1534 608 Hieronymus
1576 563 1794 598 Marcellino

1087 629 1194 654 suam
1239 630 1323 655 esse
1370 620 1597 655 sententiam
1645 620 1797 664 scripsit

1087 676 1256 723 singulas
1284 678 1430 712 animas
1458 688 1579 713 novas
1608 677 1796 719 nascenti-

1086 733 1156 770 bus
1191 734 1270 769 fieri
1306 734 1359 769 III
1391 734 1470 778 620,
1504 735 1558 770 28.
1592 735 1672 778 557,
1707 735 1796 769 12—-

1085 791 1165 834 558,
1201 791 1222 825 2
1258 795 1296 826 et
1331 791 1494 826 animam
1531 802 1614 827 esse
1651 796 1795 837 partem

1087 848 1148 883 dei
1175 848 1227 883 III
1254 849 1333 892 556,
1361 849 1414 884 13.
1442 849 1579 884 litteris
1607 849 1688 884 eius
1715 852 1796 884 tan-

1087 905 1171 940 dem
1199 905 1404 950 aliquando
1432 916 1478 941 ex
1506 906 1639 941 Africa
1665 916 1797 950 accep-

1088 962 1136 997 tis
1166 963 1363 1007 respondit
1392 973 1449 1007 ep.
1480 963 1546 998 165
1577 962 1797 998 adscribens

1088 1020 1231 1054 tacenti
1253 1020 1287 1055 ei
1311 1020 1494 1064 epistulas
1517 1030 1556 1056 se
1579 1020 1797 1065 frequenter

1089 1077 1293 1122 ingessisse
1325 1078 1377 1112 III
1405 1078 1485 1122 541,
1516 1078 1569 1112 16.

1136 1134 1191 1169 De
1228 1135 1435 1169 Marcellini
1474 1138 1594 1170 morte
1633 1135 1677 1169 A.
1716 1138 1799 1170 tota

1090 1191 1167 1226 fere
1213 1202 1269 1237 ep.
1316 1192 1379 1226 151
1425 1192 1506 1237 agit
1550 1195 1589 1227 et
1631 1192 1798 1237 exponit,

1089 1259 1200 1293 quam
1228 1253 1372 1293 partem
1399 1249 1638 1284 Caecilianus
1664 1250 1703 1284 in
1728 1250 1797 1284 hac

1089 1316 1207 1341 causa
1233 1306 1410 1341 habuisse
1438 1307 1644 1351 videretur,
1671 1317 1799 1351 quam-

1089 1374 1201 1407 quam
1245 1363 1326 1408 ipse
1368 1374 1453 1398 eum
1498 1364 1596 1398 illius
1640 1363 1800 1399 crudeli-

1090 1421 1179 1455 tatis
1227 1425 1421 1456 auctorem
1468 1421 1531 1456 vel
1578 1421 1799 1465 participem

1091 1478 1206 1521 fuisse
1243 1489 1319 1513 non
1357 1479 1529 1513 crederet
1565 1478 1616 1513 111
1652 1480 1731 1522 384,
1766 1479 1798 1513 3.

1088 1536 1167 1579 384,
1194 1536 1365 1579 29-385,
1391 1537 1423 1571 9.
1450 1536 1530 1579 386,
1558 1536 1611 1571 16.
1636 1536 1717 1580 387,
1743 1536 1798 1570 21.

1089 1593 1143 1627 25.
1177 1594 1256 1637 390,
1291 1593 1322 1627 2.
1356 1594 1435 1636 391,
1472 1594 1525 1628 13.
1560 1593 1799 1628 Marcellinus

1090 1661 1135 1684 ne
1183 1650 1368 1695 supplicio
1414 1650 1642 1694 afficeretur,
1687 1651 1801 1685 inter-

1090 1708 1222 1743 cedere
1257 1708 1300 1742 A.
1333 1707 1554 1752 conabatur,
1587 1708 1653 1743 sed
1686 1708 1801 1752 impia

1090 1765 1308 1809 crudelique
1340 1765 1498 1809 perfidia
1528 1776 1567 1800 se
1599 1766 1799 1810 deceptum

1091 1832 1174 1857 esse
1208 1823 1453 1867 conqueritur
1485 1822 1536 1857 III
1569 1824 1648 1866 384,
1679 1823 1712 1858 9.
1746 1823 1799 1857 24.

1091 1880 1170 1922 385,
1223 1879 1278 1915 28.
1332 1879 1572 1915 Marcellinus
1627 1884 1665 1914 et
1719 1879 1799 1914 eius

1092 1936 1208 1971 frater
1246 1936 1502 1971 Caecilianum
1540 1937 1709 1981 graviter
1747 1937 1801 1972 of-

1093 1994 1293 2028 fenderant
1341 1994 1393 2028 III
1442 1995 1522 2037 385,
1572 1995 1625 2029 13.
1675 1993 1801 2029 subito

1092 2050 1183 2085 iussi
1211 2055 1300 2086 sunt
1325 2050 1487 2086 adtineri
1513 2051 1564 2085 111
1589 2052 1669 2095 385,
1696 2052 1739 2085 19
1764 2054 1802 2086 et

1092 2108 1208 2143 occisi
1243 2111 1332 2142 sunt
1366 2108 1417 2142 III
1451 2109 1531 2152 387,
1564 2109 1598 2143 5.
1631 2109 1711 2152 388,
1748 2109 1801 2143 19.

1090 2166 1169 2208 390,
1199 2166 1230 2200 4.
1263 2165 1502 2201 Marcellinus
1533 2165 1580 2200 ab
1611 2166 1655 2200 A.
1686 2166 1801 2200 maxi-

1093 2222 1161 2256 mis
1186 2222 1361 2258 laudibus
1386 2227 1543 2258 ornatus
1568 2222 1620 2257 III
1642 2223 1722 2267 388,
1746 2222 1801 2257 20.

1045 2284 1078 2318 M
1095 2295 1148 2319 ar
1162 2296 1180 2320 c
1196 2285 1291 2320 elli
1308 2296 1330 2319 n
1347 2297 1368 2319 u
1385 2296 1401 2319 s
1426 2285 1691 2330 episcopusin
1714 2294 1802 2319 con-

1092 2342 1177 2376 cilio
1232 2342 1523 2387 Carthaginensi
1575 2342 1699 2377 adfuit
1751 2341 1801 2376 III

1091 2399 1170 2442 653,
1199 2400 1230 2434 9.

1044 2455 1079 2489 M
1094 2466 1116 2490 a
1130 2467 1172 2490 rc
1191 2467 1208 2490 e
1225 2456 1235 2490 l
1250 2456 1259 2490 l
1276 2467 1298 2490 u
1315 2467 1342 2499 s,
1375 2456 1576 2501 episcopus
1610 2456 1803 2490 Romanus

1094 2513 1126 2546 II
1155 2514 1230 2557 153,
1257 2513 1312 2548 20.

1048 2575 1079 2608 M
1095 2586 1117 2609 a
1132 2586 1148 2608 r
1163 2586 1181 2610 c
1197 2586 1217 2610 e
1231 2575 1242 2609 l
1256 2575 1269 2609 l
1283 2586 1305 2610 u
1321 2585 1337 2609 s
1384 2575 1586 2620 episcopus
1633 2575 1669 2609 in
1716 2585 1803 2610 con-

1094 2632 1179 2666 cilio
1232 2632 1525 2677 Carthaginensi
1576 2632 1700 2667 adfuit
1752 2631 1803 2666 III

1092 2690 1171 2732 653,
1199 2689 1232 2724 6.

1047 2751 1445 2787 Marcianensis
1503 2752 1694 2796 possessio
1751 2750 1803 2785 III

1093 2809 1172 2852 507,
1199 2809 1231 2843 6.

1532 2877 1570 2909 17
