2078 3054
349 152 433 192 392

351 278 620 322 numquidnam
676 278 755 321 ipse
809 276 879 311 sibi
933 278 1110 320 parentes

396 335 532 379 elegit?
560 335 607 368 lv
633 335 712 371 201.
738 334 795 376 11;
821 334 867 374 cf.
894 333 926 367 11
950 333 1029 377 446,
1055 332 1109 366 12.

395 392 447 426 111
472 393 552 435 569,
578 393 609 426 7.
637 392 688 426 IV
712 391 791 435 514,
817 391 944 426 7-11,

346 450 548 485 nuntiare:
598 448 717 485 *bene
766 448 940 484 nuntiate
991 449 1110 494 (Sept.

391 507 706 561 εὐαγγελίζεσθε)
747 507 916 543 salutare
944 507 1027 543 eius
1055 506 1127 545 III!

392 565 470 609 248,
502 566 556 601 19.

346 633 533 668 nusquam
574 624 803 668 scriptorum
842 633 1011 660 meorum
1050 626 1126 659 me*

393 691 540 717 errasse
565 681 618 716 III
644 681 724 726 252,
749 682 782 717 7.

344 798 542 834 obaudire:
610 797 827 833 '⁴³‘ma11datis
891 798 967 833 tuis
1031 808 1109 833 non

391 856 662 892 obaudivimus
692 856 726 891 ΙΙ
754 857 833 901 646,
865 857 922 901 12;
953 857 1000 899 cf.
1031 856 1108 902 141,

391 914 470 950 *11.

344 972 484 1009 obdere
515 973 848 1019 quaestiunculam
879 973 913 1008 II
941 974 1022 1018 347,
1052 972 1108 1008 21.

343 1030 532 1067 obdurare
579 1035 714 1068 trans:
760 1030 884 1076 (deus)
929 1041 999 1067 nos
1044 1030 1125 1067 ob-=

390 1089 546 1125 duravit
584 1090 637 1124 IV
676 1090 754 1134 194,
794 1090 829 1133 43
870 1090 916 1132 cf.
957 1090 1036 1134 187,
1074 1089 1125 1124 5.ι

392 1147 515 1193 (deus)
551 1148 686 1193 *quem
723 1147 819 1192 vult,
855 1147 1020 1184 obdurat
1055 1146 1107 1182 IV

391 1206 469 1250 184,
503 1206 559 1242 21.
595 1206 674 1250 186,
708 1206 764 1241 22.
801 1205 943 1250 (homo)
978 1215 1018 1241 se
1054 1205 1108 1241 in-

388 1264 522 1300 veniat
551 1263 781 1300 obduratum
812 1263 864 1299 IV
894 1264 973 1309 208,
1005 1264 1059 1299 10.

343 1321 545 1358 obduratio
572 1322 625 1357 IV
652 1322 730 1367 187,
756 1322 788 1357 4.

342 1379 519 1416 obeliscis
550 1379 734 1425 (notasti),
764 1390 863 1425 quae
892 1379 930 1415 in
958 1379 1106 1416 Graeco

388 1437 636 1474 inveniuntur
673 1442 710 1474 et
746 1438 785 1474 in
818 1438 993 1474 Hebraeo
1029 1448 1107 1474 non

390 1499 480 1532 sunt
505 1496 540 1531 II
567 1496 647 1541 250,
674 1496 728 1531 12.

341 1554 488 1589 obelus:
515 1553 745 1600 ubicumque
771 1554 958 1600 virgulae,
984 1554 1023 1590 id
1048 1557 1107 1590 est

389 1611 489 1648 obeli
510 1616 600 1649 sunt
619 1613 654 1648 1Ι
674 1613 754 1658 316,
774 1613 797 1649 8
816 1612 937 1658 (Hier.
940 1613 967 1657 ).
988 1612 1105 1648 libros

388 1670 612 1706 emendatos
660 1670 742 1706 sive
790 1674 992 1716 corruptos
1040 1680 1107 1716 per

389 1728 520 1764 obelos
563 1732 601 1764 et
641 1729 848 1765 asteriscos
890 1729 925 1764 ΙΙ
963 1729 1044 1774 317,
1087 1730 1123 1766 1}

389 1787 539 1830 (Hier.).

343 1844 508 1880 obiectio
535 1845 587 1880 III
613 1846 693 1889 567,
720 1846 777 1889 163
805 1845 851 1887 cs.
878 1845 931 1880 IV
957 1846 1035 1890 444,
1063 1844 1105 1880 10

390 1903 587 1946 (Quodv.).

343 1959 462 1996 obire:
499 1964 620 1997 morte
655 1959 834 1997 obierunt
867 1961 902 1996 II
935 1961 1015 2006 552,
1051 1960 1106 1996 14.

343 2018 501 2054 oblatio:
555 2019 654 2054 *non
705 2019 933 2055 holocausta
983 2028 1106 2064 neque

390 2076 533 2112 oblatio
573 2087 696 2122 neque
734 2077 1035 2122 supplicationes
1072 2076 1106 2112 II

389 2135 468 2179 655,
504 2134 536 2169 6.
573 2135 671 2170 ferre
705 2134 938 2170 obla-tionem
973 2135 1023 2171 ad
1055 2135 1124 2170 al-.

390 2196 471 2228 tare
500 2192 561 2228 dei
589 2193 623 2227 II
651 2193 730 2237 655,
760 2193 791 2227 2.
822 2193 945 2229 sancti
974 2193 1124 2247 altarisj

390 2249 533 2286 oblatio
566 2250 618 2285 ΙΙΙ
648 2251 727 2294 363,
758 2251 793 2295 2;
824 2251 871 2293 cs.
902 2251 937 2286 II
967 2250 1045 2296 165,
1073 2248 1124 2286 6.’

392 2308 470 2352 168,
493 2308 526 2343 6.
552 2308 632 2353 299,
657 2308 735 2343 *14.

341 2364 531 2401 oblivisci:
566 2376 689 2410 neque
723 2366 822 2402 enim
855 2377 975 2411 usque
1008 2366 1104 2402 adeo

391 2427 428 2458 te
451 2424 574 2468 ipsum
597 2423 773 2459 oblivisci
796 2424 988 2469 potuisses
1011 2424 1027 2459 I
1050 2425 1106 2469 41,

390 2482 447 2524 113
470 2481 516 2522 cs.
540 2482 595 2525 43,
619 2482 673 2516 11.

343 2538 679 2575 oboedientissime
711 2539 865 2575 credere
896 2539 948 2575 IV
977 2540 1057 2584 349,
1072 2539 1105 2574 6.

343 2596 611 2632 ²²⁶obsecramus
660 2608 728 2642 pro
776 2597 927 2633 Christo
976 2607 1107 2634 recon-

391 2654 511 2689 ciliari
543 2655 614 2691 deo
647 2655 700 2689 III
731 2655 811 2700 220,
842 2655 897 2691 23.

344 2717 582 2762 obsequium:
611 2718 792 2763 Alypium
818 2722 860 2754 ut
887 2729 970 2754 meo
999 2718 1106 2754 obse-

392 2776 480 2820 quio
511 2775 654 2811 salutes
683 2776 716 2810 II
744 2777 799 2820 68,
826 2777 848 2811 9
875 2777 1030 2820 (Hier.);
1059 2777 1106 2818 cs.

391 2833 469 2878 239,
494 2834 526 2869 7.
552 2834 632 2878 350,
658 2834 701 2869 17
727 2834 877 2879 (Hier.).
903 2834 956 2869 III
979 2835 1059 2880 639,
1084 2834 1123 2888 21

1017 163 1155 197 index
1185 162 1246 196 vl.

1193 275 1343 319 (Hier).
1373 276 1542 311 debiturn
1573 277 1815 313 salutationis
1845 277 1909 313 ob-

1194 333 1367 378 sequium
1393 334 1446 368 111
1470 335 1526 379 78,
1550 335 1608 377 233
1634 336 1681 376 cf.
1707 336 1762 379 79,
1789 336 1842 370 12.
1867 339 1909 371 ut

1192 391 1333 427 nostris
1363 391 1528 428 invicem
1558 393 1772 429 salutentur
1801 393 1908 430 obse·

1193 449 1294 494 quiis
1329 449 1345 484 I
1381 451 1435 494 74,
1469 450 1515 485 22
1548 452 1703 495 (Paua).

1145 506 1366 543 observare:
1415 507 1480 543 *ut
1526 508 1735 545 observent
1783 511 1907 556 (Vuly.

1192 565 1414 602 abstineant
1449 568 1505 611 se)
1544 568 1592 602 ab
1628 567 1741 603 idolis
1778 569 1909 604 immo-

1192 623 1271 659 lato
1298 623 1333 658 II
1356 624 1437 668 359,
1464 624 1519 659 12.

1145 679 1386 717 obstaculum
1416 681 1470 716 III
1498 682 1578 727 601,
1608 683 1664 718 22.

1144 739 1342 775 obtutibus
1368 740 1506 776 mentis
1531 740 1585 775 III
1609 741 1688 785 284,
1712 743 1746 777 6.

1146 797 1409 834 ²³³obumbrat-io
1435 799 1618 835 momenti
1645 799 1699 834 III
1724 801 1803 845 321,
1828 802 1861 836 3.

1144 854 1378 891 obviandum
1419 866 1559 892 censeo
1599 858 1815 894 hominibus
1855 858 1907 893 III

1189 914 1269 957 511,
1308 914 1329 949 4
1367 914 1537 959 (Evod.).
1576 925 1662 950 cum
1700 916 1770 961 his,
1809 927 1907 962 quae

1190 972 1385 1017 posuistis,
1427 983 1498 1008 nec
1539 973 1710 1009 audeant
1750 973 1907 1010 obviare

1190 1040 1260 1065 nec
1289 1030 1439 1074 possint
1466 1030 1520 1066 III
1547 1031 1626 1076 719,
1656 1032 1700 1068 18
1727 1032 1906 1078 (hanoea).

1143 1093 1394 1129 occidentalis
1446 1094 1610 1140 populus
1660 1095 1695 1130 II
1744 1097 1800 1141 33,
1851 1097 1905 1132 23.

1189 1152 1308 1187 subst.
1336 1152 1596 1188 occidentales
1624 1153 1659 1188 II
1686 1154 1744 1199 33,
1771 1154 1827 1190 21.
1853 1154 1906 1189 III

1188 1209 1269 1254 542,
1296 1210 1339 1244 12
1365 1210 1516 1256 (Hier.).

1142 1273 1296 1308 occulta
1327 1274 1522 1310 hominum
1554 1275 1607 1310 IV
1640 1275 1717 1320 124,
1749 1277 1783 1311 3.

1142 1347 1357 1374 occurrere:
1392 1338 1423 1373 si
1456 1338 1695 1375 Christianus
1729 1366 1736 1374 .
1771 1367 1778 1374 .
1811 1367 1820 1375 .
1852 1340 1907 1375 ita

1186 1396 1406 1441 occurrerit,
1426 1399 1469 1432 ut
1488 1425 1496 1432 .
1515 1423 1523 1432 .
1543 1424 1551 1432 .
1570 1397 1763 1433 invenerit
1780 1397 1905 1434 cibum

1189 1453 1228 1489 in
1251 1454 1362 1490 idolis
1384 1454 1551 1499 positum
1573 1455 1608 1490 II
1630 1455 1709 1501 126,
1731 1456 1904 1501 21—127,

1188 1513 1210 1548 3
1249 1512 1404 1557 (Faba).
1444 1535 1492 1540 —-
1530 1513 1579 1549 ad
1619 1517 1765 1550 certum
1804 1514 1904 1550 diem

1189 1580 1274 1605 curn
1307 1570 1439 1606 solidis
1470 1571 1674 1608 reddendis
1705 1582 1905 1608 occurrere

1189 1628 1242 1663 IV
1273 1628 1353 1673 652,
1386 1628 1440 1665 23.
1475 1629 1524 1664 ad
1556 1639 1668 1675 quem
1702 1629 1831 1675 (diem)
1865 1639 1905 1665 se

1187 1686 1415 1731 promiserat
1450 1697 1698 1723 occursurum
1713 1687 1766 1722 IV
1779 1687 1858 1732 653,
1875 1689 1905 1723 1.

1142 1750 1299 1786 offendi:
1336 1750 1383 1786 de
1419 1761 1504 1786 mea
1539 1750 1742 1788 reticentia
1776 1762 1815 1788 es
1851 1751 1904 1787 di-

1189 1811 1329 1854 gnatus
1359 1808 1502 1845 offendi
1530 1809 1584 1844 III
1608 1809 1689 1854 382,
1717 1809 1772 1845 16.

1142 1872 1416 1908 offendiculum
1441 1873 1494 1908 III
1516 1872 1596 1918 536,
1621 1873 1675 1908 14.

1141 1935 1293 1972 offerre:
1323 1947 1409 1972 cum
1436 1935 1661 1973 obtulissem
1688 1936 1836 1982 Fascio,
1864 1941 1906 1972 ut

1188 1997 1357 2029 vestram
1396 1994 1641 2030 sanctitatem
1679 1995 1906 2040 adloquerer·

1189 2052 1242 2087 IV
1260 2052 1339 2097 652,
1360 2052 1414 2088 18.
1427 2073 1476 2077 —
1488 2052 1618 2088 offerri
1636 2053 1716 2088 abs.
1734 2068 1773 2081 z
1791 2053 1906 2088 sacri-

1190 2110 1297 2146 ficari
1330 2110 1366 2145 II
1402 2111 1480 2156 164,
1516 2110 1569 2146 14.
1605 2110 1659 2146 16.
1695 2111 1773 2155 165,
1806 2112 1839 2147 3.
1872 2110 1905 2146 6.

1191 2168 1268 2213 166,
1293 2169 1326 2203 4.

1142 2231 1311 2268 officere:
1352 2232 1455 2277 quod
1496 2232 1585 2268 dum
1625 2232 1754 2268 officio
1797 2234 1834 2277 (ι’.
1874 2243 1904 2268 e.

1190 2289 1389 2335 prohibeo)
1414 2290 1430 2325 I
1455 2291 1487 2335 4,
1513 2291 1568 2326 10.

1143 2353 1320 2390 officialis
1355 2354 1474 2390 subst.
1509 2353 1546 2389 II
1580 2354 1659 2398 102,
1694 2354 1753 2398 203
1788 2355 1835 2396 cf.
1871 2354 1905 2389 Il

1190 2412 1269 2456 661,
1291 2411 1347 2447 20.
1371 2412 1424 2446 III
1447 2412 1527 2457 423,
1550 2412 1604 2447 17.
1628 2412 1680 2447 IV
1704 2413 1759 2456 14,
1781 2412 1836 2448 20.

1142 2475 1270 2511 officio
1311 2475 1462 2520 publico
1502 2475 1740 2510 renuntiavit
1776 2475 1811 2510 II
1849 2475 1905 2518 25,

1189 2533 1244 2577 25,
1288 2533 1390 2578 quod
1433 2533 1625 2578 publicum
1668 2533 1905 2569 renuntiavit

1189 2590 1359 2626 officium
1384 2591 1418 2626 II
1444 2591 1500 2636 25,
1526 2592 1579 2627 19.
1604 2591 1718 2636 28‚·1.

1142 2654 1384 2690 omnimodis:
1431 2655 1584 2691 relictos
1629 2664 1664 2690 o.
1708 2654 1904 2700 inpunitos

1189 2712 1242 2747 IV
1268 2712 1348 2757 351,
1375 2713 1407 2748 8.

1143 2776 1420 2821 omnipotentia
1442 2777 1503 2812 dei
1523 2776 1558 2811 II
1578 2776 1657 2820 441,
1679 2776 1733 2811 17.
1753 2775 1833 2819 680,
1849 2776 1902 2811 11.

1189 2834 1267 2879 725,
1292 2834 1336 2870 23
1360 2834 1514 2879 (Paua).
1539 2834 1592 2869 III
1617 2834 1695 2879 104,
1720 2834 1765 2869 12
1786 2835 1833 2870 al.
