2078 3054
309 187 392 229 342
972 201 1114 236 Index
1143 201 1206 237 VI.

309 316 419 352 alius:
452 317 530 352 (lat.
561 316 659 352 *alio
690 316 741 351 IV
772 317 850 362 133,
880 317 936 352 20.
966 316 1089 345 —--='

355 374 465 409 alter:
497 374 596 410 duae
627 374 827 420 opiniones
844 402 851 409 .
868 402 876 409 .
891 402 910 419 .,
925 385 1024 410 una.
1040 402 1047 409 .
1063 402 1070 409 .
1087 373 1088 408 ἶ

355 432 431 467 alia
465 432 518 467 111
551 432 631 477 260,
664 433 700 477 4;
735 433 783 474 cf.
817 432 869 467 lv
902 433 981 477 526,
1017 433 1071 468 10.

354 490 584 535 percutienti
603 490 717 526 aliam
737 489 919 536 praebere
940 490 1088 541 lnaxil-}

354 548 430 583 lam
459 548 514 583 III
540 548 596 593 95,
625 549 647 584 9
675 548 844 593 (Marc.),·
874 549 920 590 cf.
950 548 986 583 II
1014 549 1088 591 57„

355 605 409 641 *6.
440 606 494 641 IV
520 606 600 651 469,
630 606 672 641 21
702 606 824 651 (Hil.).
854 606 959 642 aliud
989 610 1088 654 tan-3

355 666 435 699 tum
463 665 518 709 (z
534 664 697 700 alterum
722 664 887 709 tantum)
913 664 967 699 III
990 660 1088 710 392„

355 722 387 757 2.
411 742 459 747 —
483 721 567 757 aliis
592 725 708 767 atque
734 722 819 758 aliis
846 723 965 759 sacris
992 749 1000 757 .
1027 750 1034 757 .
1061 750 1070 758 .

354 780 449 816 alias
489 783 528 816 et
565 780 660 816 alias
699 790 760 816 res
797 780 862 816 vel
898 780 994 816 alias
1034 783 1072 816 ct

355 838 450 874 alias
483 837 627 874 salutes
660 838 694 872 II
726 838 805 882 554,
838 838 894 873 20.
926 859 974 864 —-
1005 839 1071 874 ali-

354 899 498 941 quanto
527 895 625 932 alius
652 906 686 931 v.
717 896 950 942 aliquantus.

306 965 488 1011 allegare:
550 965 890 1009 proconsularibus
950 966 1087 1021 gestis:

354 1023 559 1059 concilium
607 1028 779 1059 vestrum
828 1034 905 1059 non
953 1023 1070 1060 semel

354 1081 550 1126 allegastis
577 1081 613 1116 II
641 1081 719 1126 145,
746 1081 805 1125 26,
834 1082 881 1123 cf.
910 1081 964 1116 ΙΙΙ
991 1082 1069 1126 151,

354 1139 408 1174 12.
440 1160 488 1164 —
518 1139 569 1183 id,
602 1139 705 1184 quod
739 1139 860 1184 primo
893 1139 1069 1184 impetra-

352 1199 433 1231 tum
466 1200 536 1241 est,
568 1196 692 1233 noluit
723 1197 889 1242 allegare
922 1196 958 1232 II
989 1197 1069 1242 516,

354 1254 389 1298 1,
412 1254 459 1296 ct.
478 1254 535 1299 vIV
556 1254 637 1299 599,
660 1255 714 1290 19.
735 1276 783 1280 —
803 1255 951 1290 litt-eras
973 1265 1068 1301 rogo

352 1315 395 1346 ut
432 1312 512 1357 ipse
550 1312 603 1347 1111
639 1312 791 1348 tradere
827 1316 866 1348 et
902 1313 1069 1359 allega-re

354 1380 430 1405 non
470 1370 644 1415 graveris
684 1370 737 1405 III
777 1371 834 1415 83,
876 1371 930 1406 17.
971 1370 1069 1406 desi-

353 1427 500 1462 derium
541 1431 714 1463 nostrum
755 1431 845 1464 tuae
885 1428 1070 1474 gravitati

353 1485 564 1530 allegamus
603 1486 638 1520 ΙΙ
678 1486 757 1530 416,
798 1486 852 1521 11.
891 1507 939 1511 -
977 1486 1068 1531 quid

353 1543 447 1578 dicit
470 1546 538 1578 aut
561 1543 652 1588 quid
678 1543 842 1589 allegat?
867 1544 919 1579 IV
941 1544 1021 1588 574,
1035 1545 1067 1579 3.

305 1612 514 1657 allegorica
541 1612 771 1658 significatio
799 1613 834 1648 II
861 1613 939 1658 192,
966 1613 999 1648 6.

305 1675 459 1711 alleluia
487 1679 665 1712 cantatur
694 1676 730 1711 II
758 1677 813 1721 48,
842 1677 875 1713 8.
905 1676 984 1722 207,
1014 1676 1068 1712 10.

305 1745 434 1791 alogia
455 1745 547 1791 quid
570 1749 640 1791 est,
661 1745 735 1782 nisi
759 1757 845 1782 cum
870 1746 991 1792 epulis
1015 1747 1068 1782 in-

352 1803 543 1849 dulgetur,
581 1807 623 1838 ut
660 1815 683 1839 a
719 1804 879 1840 rationis
917 1804 1068 1840 tramite

352 1861 551 1897 devietur?
578 1861 613 1896 II
637 1862 693 1906 39,
721 1862 780 1907 27,
808 1863 854 1904 cs.
882 1862 917 1897 II
940 1863 998 1908 38,
1025 1863 1068 1898 10

352 1919 548 1963 (‘urbz'cus‘
579 1920 748 1965 aliquis).
777 1920 834 1965 39,
864 1920 919 1956 26.
950 1921 1006 1965 40,
1035 1923 1068 1956 3.

353 1977 385 2012 7.
415 1977 471 2021 41,
498 1977 530 2012 3.
559 1981 650 2012 111110
679 1987 770 2023 ergo
800 1978 964 2023 eulogia,
992 1988 1069 2014 non

353 2034 480 2080 alogia
508 2035 722 2071 celebratur
749 2036 784 2070 II
811 2036 867 2080 48,
895 2036 950 2070 18.

306 2097 456 2143 alogus:
489 2109 538 2133 an
569 2099 775 2144 aliquando
809 2100 889 2135 sine
922 2100 1069 2135 ratione

354 2158 462 2200 pater
502 2156 638 2202 alogus
679 2157 774 2192 fuit?
813 2157 867 2192 ΠΙ
905 2158 985 2202 506,
1026 2158 1068 2193 14

353 2214 523 2258 (Evod.).
553 2214 734 2249 animalia
762 2215 911 2251 ratione
940 2226 1069 2251 caren-

354 2271 408 2307 tia
435 2272 614 2307 dicuntur
642 2272 756 2318 aloga
783 2273 819 2307 II
845 2274 901 2318 40,
929 2273 962 2308 2.

306 2335 427 2370 altare
468 2338 604 2370 contra
641 2336 761 2371 altare
801 2336 971 2371 levatum
1011 2339 1070 2372 est

354 2392 389 2427 II
422 2393 479 2438 99,
514 2392 572 2437 22,
609 2393 655 2434 cs.
693 2394 771 2438 100,
807 2394 861 2429 15.
898 2394 976 2438 106,
1013 2394 1068 2429 17.

354 2450 466 2485 altari
514 2450 654 2486 Christi
705 2451 990 2487 communicant
1036 2451 1070 2486 11

355 2508 433 2552 103,
465 2508 520 2543 19.
552 2507 600 2542 31)
630 2508 767 2544 altario
800 2509 990 2545 removeri
1020 2509 1069 2545 ad

354 2566 543 2610 agendam
590 2566 864 2610 paenitentiam
910 2566 946 2601 II
992 2566 1069 2610 162,

356 2624 410 2658 11.
437 2623 561 2658 sancti
585 2623 717 2659 altaris
743 2623 886 2660 oblatio
913 2624 966 2659 III
989 2625 1069 2668 363,

356 2681 386 2715 1.
425 2680 475 2715 sit
511 2683 640 2716 vester
677 2691 888 2717 consensus
925 2681 1068 2717 oblatio

355 2737 405 2773 ad
431 2748 636 2783 supernum
662 2738 782 2775 altare
807 2739 991 2775 creatoris
1016 2739 1070 2774 III

355 2795 412 2840 29,
439 2796 471 2831 8.

309 2858 486 2894 altarium
515 2868 551 2894 v.
582 2858 713 2895 altare.

1107 316 1338 352 alternatim:
1371 317 1512 362 tcmpla
1542 318 1725 363 paulatim
1754 322 1869 364 atquc

1153 385 1185 409 a.
1219 374 1495 411 subvertuntur
1528 376 1581 411 III
1614 375 1692 420 121,
1725 376 1756 412 2.

1087 432 1304 474 alteruter:
1348 433 1450 478 quod
1492 433 1539 468 ab
1582 433 1766 476 alterutro
1811 435 1867 478 (z

1154 490 1251 526 alter
1291 490 1341 526 ab
1382 491 1515 535 altero,
1556 494 1729 537 uterque,
1771 492 1869 527 inter

1152 548 1239 593 vos)
1262 559 1339 584 non
1363 548 1516 594 exigitis
1540 549 1593 584 III
1615 549 1671 594 29,
1694 550 1727 584 4.
1752 549 1869 585 corda

1152 606 1336 642 alterutro
1358 607 1414 650 (z
1431 606 1593 642 alterum
1614 606 1787 652 alterius)
1807 607 1870 643 de-

1153 663 1344 699 lectantur
1374 664 1511 700 ardore
1541 664 1593 699 IV
1621 665 1701 709 363,
1733 665 1791 709 12,
1822 676 1868 700 c.

1152 721 1233 766 545,
1260 722 1315 757 15.

1106 779 1225 815 altum
1255 790 1389 825 sapere
1417 790 1450 815 v.
1482 789 1627 825 sapere.

1108 847 1235 873 amare
1289 848 1375 873 cum
1429 838 1496 879 inf.
1513 837 1684 874 :vellez
1740 837 1869 873 omnia

1152 895 1254 931 bona
1285 905 1403 941 opera
1433 898 1564 931 amant
1595 895 1633 931 in
1663 895 1749 931 luce
1781 905 1869 931 con-

1153 953 1261 988 stitui
1289 953 1342 989 III
1370 954 1427 999 82,
1458 954 1515 998 16,
1544 954 1590 995 ct.
1620 953 1699 998 224,
1728 953 1760 988 2.
1788 953 1868 997 520,

1151 1011 1184 1046 5.
1229 1011 1315 1056 plus
1360 1021 1445 1047 amo
1491 1011 1680 1057 (zma10>
1721 1011 1869 1046 discere

1153 1079 1266 1114 quam
1301 1070 1439 1105 docere
1475 1069 1527 1105 IV
1562 1069 1641 1114 175,
1675 1069 1730 1104 11.
1764 1083 1867 1097 -Ξ

1084 1120 1087 1154 l
1153 1126 1290 1162 solere:
1326 1137 1458 1163 omnes
1491 1127 1663 1163 homines
1698 1136 1868 1162 amamus

1150 1188 1304 1220 nostras
1358 1185 1596 1230 suspiciones
1650 1184 1868 1221 existimare

1153 1242 1393 1289 cognitiones
1431 1243 1485 1278 III
1521 1242 1599 1288 421,
1637 1242 1692 1279 13.
1730 1243 1869 1288 (repre-

1152 1300 1386 1346 henduntur)
1416 1301 1555 1337 *canes
1583 1304 1757 1337 amantes
1784 1300 1869 1336 dor-

1151 1359 1301 1403 mitare3
1329 1359 1503 1404 profecto
1531 1359 1631 1394 enim
1655 1358 1868 1394 laudabiles

1153 1421 1293 1462 essent,
1333 1417 1366 1452 si
1403 1417 1564 1463 vigilare
1604 1420 1779 1453 amarent
1814 1416 1868 1451 III

1150 1475 1231 1519 357,
1258 1475 1314 1510 20.

1105 1532 1255 1568 *amare
1283 1532 1390 1568 flevit
1415 1533 1552 1569 Petrus
1578 1532 1633 1568 III
1659 1533 1737 1577 186,
1763 1533 1795 1567 7.

1104 1589 1261 1625 ambire:
1290 1594 1333 1626 ut
1361 1590 1489 1626 verbis
1517 1601 1596 1626 non
1622 1590 1787 1626 ambiam
1814 1589 1868 1625 111

1154 1648 1233 1692 441,
1249 1648 1281 1682 2.
1295 1669 1344 1673 -
1357 1658 1445 1683 cum
1457 1658 1590 1694 praep.
1606 1648 1669 1684 ad:
1686 1648 1736 1684 ad
1749 1648 1863 1684 deum

1151 1705 1294 1741 ambire
1317 1705 1371 1740 III
1396 1706 1474 1751 112,
1499 1706 1554 1741 17.
1580 1706 1658 1751 113,
1681 1707 1718 1750 33
1742 1707 1790 1749 cf.
1814 1705 1868 1740 ΙΙΙ

1151 1763 1207 1808 79,
1250 1763 1304 1798 14.
1345 1784 1393 1789 —
1434 1774 1520 1799 cum
1562 1764 1645 1805 infi:
1687 1763 1866 1809 colligere

1151 1820 1304 1856 ambisti
1332 1821 1367 1856 II
1393 1822 1473 1866 675,
1500 1822 1536 1866 2,
1565 1822 1611 1863 cf.
1639 1821 1655 1856 I
1681 1822 1737 1866 85,
1763 1822 1796 1857 7.

1104 1878 1298 1914 ambulare
1326 1879 1429 1914 viam
1458 1889 1565 1914 suam
1592 1879 1627 1914 II
1653 1879 1733 1924 598,
1761 1879 1793 1914 6.
1821 1899 1868 1904 —-

1151 1936 1189 1971 in
1221 1937 1395 1972 novitate
1426 1937 1530 1972 vitae
1564 1936 1800 1973 ambulemus
1833 1936 1867 1971 II

1152 1995 1230 2039 199,
1258 1994 1326 2030 *20
1352 1996 1436 2030 sim.

1104 2053 1309 2088 ambustio:
1347 2052 1478 2087 *ibunt
1514 2052 1552 2087 in
1587 2052 1867 2088 ambustionem

1150 2113 1347 2146 aeternam
1376 2110 1430 2145 III
1457 2110 1538 2155 302,
1567 2110 1599 2144 2.

1104 2178 1216 2203 amen
1252 2169 1290 2204 in
1326 2171 1499 2203 eaetrema
1533 2169 1701 2213 epistula
1736 2168 1752 2202 Ι
1788 2168 1865 2211 122,

1152 2226 1207 2261 24.
1233 2226 1268 2260 II
1293 2226 1350 2270 84,
1375 2226 1408 2260 2.
1435 2226 1512 2270 158,
1538 2227 1570 2261 8.
1597 2225 1676 2270 222,
1705 2226 1759 2260 15.
1786 2226 1865 2270 406.

1151 2284 1207 2318 21.
1236 2284 1315 2328 496,
1344 2284 1400 2318 22.
1429 2284 1509 2328 610,
1537 2284 1592 2319 15.
1621 2283 1673 2318 IV
1701 2284 1782 2328 387,
1812 2283 1865 2317 11.

1151 2342 1231 2386 483,
1259 2342 1313 2376 10.
1341 2342 1420 2386 656,
1448 2341 1489 2376 11
1518 2342 1614 2386 (non
1642 2341 1769 2386 Any).

1105 2399 1266 2435 ᾁ31110110
1313 2399 1494 2435 videbitis
1540 2399 1658 2434 filium
1703 2398 1865 2434 hominis

1151 2457 1369 2492 venientem
1396 2457 1434 2492 in
1460 2456 1623 2492 nubibus
1650 2457 1703 2491 IV
1728 2456 1807 2500 266,
1833 2456 1865 2490 2.

1151 2515 1231 2559 279,
1261 2515 1315 2550 18.
1344 2515 1422 2558 283,
1449 2515 1481 2550 9.

1104 2573 1281 2618 amplius:
1327 2573 1429 2617 apud
1473 2575 1550 2608 tres
1594 2575 1661 2607 aut
1703 2571 1865 2616 amplius

1152 2630 1401 2675 proconsules
1424 2630 1597 2665 accusati
1619 2633 1709 2667 sunt
1729 2629 1764 2664 11
1785 2629 1864 2674 616,

1153 2688 1206 2723 12.
1237 2688 1404 2733 quinque
1433 2688 1496 2722 vel
1526 2698 1571 2723 00
1601 2687 1763 2732 amplius
1794 2687 1867 2722 fra-

1152 2749 1251 2780 trum
1278 2745 1521 2780 animositate
1549 2744 1623 2780 ista
1651 2748 1709 2780 est
1735 2744 1867 2779 innata

1152 2803 1348 2838 contentio
1381 2802 1433 2837 IV
1464 2803 1544 2846 399,
1575 2802 1596 2837 5
1627 2801 1759 2846 (Vah).
1793 2802 1865 2837 hoc

1152 2860 1265 2896 modo
1302 2860 1365 2895 vel
1401 2870 1567 2895 annuam
1603 2859 1666 2894 vel
1702 2858 1864 2904 amplius
