2078 3054
907 110 1050 147 Index
1075 110 1119 146 V.

235 227 459 273 religio:
498 226 700 271 scripsisse
736 236 776 262 se
811 225 994 271 quiddam

282 286 328 321 de
371 285 563 320 catholica
602 284 790 330 religione
833 284 876 318 A.
921 293 995 318 me-

282 348 406 378 morat
439 343 452 377 I
487 343 542 387 35,
576 343 634 386 213
668 342 715 383 cf.
749 342 805 386 99,
840 342 893 376 13.

236 401 379 437 Remi
407 401 539 436 inania
567 400 735 435 culmina
763 399 778 434 I
807 399 862 444 92,
893 400 922 434 1.

235 459 493 504 Renatus,
543 458 707 493 famulus
742 458 816 502 dei,
863 456 994 501 Optati

282 528 340 561 ep.
373 517 415 552 A.
444 517 646 562 legendam
676 515 838 551 tradidit
867 520 993 560 atque,

283 580 324 610 ut
338 574 601 619 responderet,
631 574 789 619 petebat
803 573 855 608 IV
872 573 949 617 138,
963 573 994 608 3.

236 633 561 668 renuntiare
595 633 682 667 huic
716 631 868 666 saeculo
903 631 994 676 quid

284 691 328 725 sit
365 691 415 724 Ill
446 691 524 735 480,
555 691 610 725 23.

236 749 301 783 Re
318 749 557 784 stitutus
584 754 642 783 est
668 759 806 783 nomen
833 748 994 782 duorum

281 807 564 851 episcoporum,
619 806 684 852 qui
737 806 775 840 in
832 804 994 840 coneilio

282 865 580 909 Carthaginensi
605 863 810 899 adfuerunt
838 863 891 897 III
916 863 995 908 652,

282 923 314 966 6,
341 926 379 956 et
405 922 586 966 episcopi,
611 921 675 966 qui
699 922 823 956 adfuit
849 921 886 955 in
910 931 997 956 6011-

282 979 370 1015 61110
404 979 629 1015 Milevitano
665 979 719 1014 III
752 979 831 1024 663,
864 979 896 1014 4.

236 1037 557 1073 Restitutus
604 1037 810 1072 Donatista
857 1036 894 1071 in
944 1036 995 1070 lo-

282 1106 365 1130 cum
405 1095 509 1131 Salvi
548 1095 855 1130 Membressitani
892 1095 995 1130 dam-

283 1154 374 1198 nati,
419 1159 625 1198 antequam
671 1153 753 1189 dies
797 1153 995 1188 dilationis

284 1212 476 1253 transiret,
517 1212 589 1246 iam
631 1211 756 1246 fuerat.
794 1211 994 1246 ordinatus

284 1270 487 1313 opiscopus
527 1269 557 1302 ll
595 1269 673 1312 627,
711 1272 743 1303 8.
781 1280 854 1313 quo
894 1279 1017 1315 prae-4

1014 1320 1231 1370 'liiph-ei
1261 1325 1359 1371 193,
1391 1326 1446 1360 21.

284 1333 390 1362 sente
461 1326 708 1362 Nummasius
780 1326 995 1362 advocatus

283 1385 483 1419 :recusavit
520 1384 792 1419 Maximianum
844 1384 877 1418 II
916 1385 994 1418 626.

286 1443 336 1477 10.
367 1443 446 1486 627,
478 1443 508 1476 7.

241 1500 575 1544 Restitutus,
621 1501 822 1545 presbyter
866 1500 995 1535 Victo-

284 1558 484 1601 rianensis,
517 1570 539 1592 a
570 1558 795 1602 Donatistis,
830 1569 914 1592 cum
946 1557 995 1592 ad

284 1616 510 1650 catholicam
554 1616 673 1651 libera
714 1616 914 1651 voluntate
955 1626 994 1650 se

284 1674 557 1717 transtulisset,
588 1674 635 1708 de
667 1674 780 1708 domo
813 1684 882 1708 sua
911 1683 996 1717 rap-

283 1736 356 1775 tus,
394 1732 610 1766 immaniter
647 1742 794 1777 caesus,
830 1731 995 1767 ludibrio

284 1789 435 1824 habitus
485 1794 524 1824 et
573 1789 775 1825 duodecim
824 1789 907 1824 dies
957 1789 995 1823 in

283 1847 511 1890 captivitate
546 1851 718 1882 retentus
752 1852 810 1883 est
846 1847 880 1880 ΙΙ
916 1847 995 1891 412,

288 1905 338 1939 19.
377 1905 454 1948 597,
492 1905 544 1938 12.
583 1905 629 1940 (16
668 1905 750 1940 eius
788 1905 994 1940 homicidio

284 1963 331 1996 ad
356 1962 537 1997 iudicium
561 1962 717 1997 deducti
741 1963 805 2007 qui
828 1962 995 1998 confessi

285 2023 403 2062 erant,
435 2030 519 2054 cuin
553 2020 689 2064 capitis
723 2030 883 2064 poenam
915 2019 998 2054 sub-

285 2077 336 2111 ire
385 2077 618 2122 viderentur,
679 2078 721 2112 A.
772 2078 997 2122 supplicium

283 2135 331 2170 ab
364 2134 419 2170 eis
452 2135 733 2179 deprecabatur
764 2135 818 2169 III
851 2136 906 2179 80,
943 2135 995 2170 16.

285 2192 362 2237 150,
391 2192 420 2227 1.

238 2249 303 2285 116
320 2250 526 2285 stitutu
543 2261 559 2284 5
585 2251 783 2294 diaconus,
810 2251 857 2286 ad
884 2261 994 2296 quem

284 2317 342 2351 ep.
378 2308 446 2342 249
492 2308 539 2343 de
587 2308 697 2343 malis
746 2309 784 2343 in
832 2308 996 2344 eeclesia

284 2365 495 2400 tolerandis
532 2366 580 2401 ab
617 2366 659 2400 A.
697 2366 816 2401 missa
850 2370 909 2401 est
943 2365 995 2400 IV

284 2423 362 2467 592,
389 2423 420 2457 9.

239 2480 604 2515 resurreetio:
638 2481 684 2516 de
716 2481 995 2517 resurreetione

288 2537 319 2571 II
348 2538 426 2582 545,
457 2538 509 2573 16.
540 2549 616 2572 non
645 2538 780 2573 Lazari
808 2548 996 2574 resurrec-

286 2595 339 2630 tio
375 2596 442 2630 sed
478 2596 607 2640 potius
641 2596 782 2631 Christi
818 2597 997 2641 congruit

287 2653 497 2696 promissae
536 2653 808 2688 resurrectioni
845 2653 879 2687 II
917 2649 1016 2706 54f5,{

287 2710 339 2744 13.
373 2720 447 2755 quo
483 2710 597 2745 modo
633 2711 671 2745 in
706 2710 773 2746 Iob
807 2710 1016 2747 60111111611-’

284 2766 379 2802 data
409 2768 458 2803 sit
490 2768 782 2803 resurrectionis
815 2769 909 2804 fides
942 2769 996 2803 111

1707 96 1788 138 307

1082 225 1158 268 176,
1210 224 1262 259 18.
1309 235 1383 270 quo
1431 224 1544 259 modo
1592 223 1792 268 apostolus

1080 282 1399 317 resurrectionem
1436 287 1672 317 mortuorum
1710 292 1792 327 per-

1081 341 1244 376 suadeat
1280 345 1318 375 et
1355 340 1554 386 adiungat,
1603 341 1704 386 quod
1743 340 1791 374 ad

1079 398 1337 434 differentiam
1381 398 1549 442 pertinet
1594 408 1793 443 resurgen-

1081 456 1174 491 tium
1225 456 1277 491 IV
1316 456 1395 500 328,
1434 457 1462 491 1.
1501 456 1556 490 20.
1608 455 1792 500 nonnulli,

1081 515 1172 559 quia
1195 519 1233 550 et
1257 514 1397 549 mortui
1422 525 1552 549 sumus
1577 524 1662 549 cum
1688 513 1792 549 Chri—

1081 578 1139 607 sto
1190 576 1229 609 et
1276 573 1556 607 resurreximus
1602 582 1685 606 eum
1736 583 1793 616 eo,

1080 631 1255 665 arbitrati
1294 636 1379 665 sunt
1418 631 1491 665 iam
1530 630 1671 665 factam
1709 641 1792 665 esse

1081 688 1400 723 resurrectionem
1439 700 1507 724 1166
1546 688 1661 723 ullam
1702 688 1793 723 ulte-

1081 746 1159 781 rius
1187 746 1223 780 in
1254 746 1325 781 tine
1355 754 1568 790 temporum
1598 757 1681 781 esse
1711 756 1792 789 spe-

1082 804 1240 838 randam
1273 804 1308 838 11
1340 805 1416 848 173,
1450 804 1502 839 16.
1535 814 1593 848 ep.
1624 805 1666 839 A.
1698 804 1793 838 Pau-

1082 861 1158 896 lino
1231 862 1332 906 apud
1406 862 1676 906 t'artbaginem
1750 861 1796 896 (16

1080 929 1282 963 corporum
1318 920 1598 955 resurreetione
1633 919 1794 963 rescrip-

1081 977 1130 1012 sit
1162 977 1216 1011 111
1246 978 1324 1022 349,
1358 978 1410 1012 13.

1036 1046 1050 1068 r
1066 1035 1088 1069 b
1104 1046 1122 1071 e
1139 1041 1153 1070 t
1167 1046 1188 1071 o
1204 1046 1221 1069 r
1236 1047 1255 1071 e
1272 1047 1288 1071 s
1361 1036 1687 1081 Carthaginenses
1763 1035 1793 1070 si

1080 1094 1186 1128 inani
1231 1093 1445 1129 litterarum
1491 1094 1619 1129 studio
1665 1093 1794 1129 defue—

1081 1158 1180 1197 runt,
1214 1163 1291 1187 non
1324 1152 1437 1187 modo
1472 1153 1519 1187 ab
1553 1151 1596 1186 A.
1630 1163 1705 1186 non
1740 1162 1794 1186 re-

1081 1210 1383 1254 prehenduntur,
1446 1210 1514 1245 sed
1563 1210 1677 1245 etiam
1729 1209 1794 1243 ad-

1082 1268 1292 1311 probantur
1328 1267 1363 1302 II
1397 1267 1476 1312 673,
1511 1268 1566 1302 22.

1037 1383 1380 1429 {togatenses
1440 1383 1667 1419 Donatistas
1717 1383 1794 1418 Fir-

1080 1442 1229 1476 mianos
1265 1442 1516 1486 appellabant.
1551 1441 1585 1475 ΙΙ
1620 1442 1699 1486 406,
1737 1441 1792 1484 123

1082 1509 1115 1534 v.
1148 1499 1386 1544 Rogatistae.

1035 1556 1381 1602 Rogatianus
1421 1564 1460 1593 et
1501 1558 1673 1602 Pontius⁷
1714 1558 1794 1602 qui-

1081 1616 1150 1650 bus
1184 1616 1491 1659 supplicantibus
1524 1615 1696 1650 Iulianus
1729 1616 1794 1650 im-

1083 1677 1234 1717 perat-01·
1270 1673 1483 1708 libertatem
1520 1674 1617 1717 parti
1656 1673 1797 1708 Donati

1081 1731 1266 1776 permisit,
1304 1731 1486 1767 dixerunt
1524 1732 1667 1766 homini
1704 1742 1794 1775 apo-

1082 1793 1205 1824 statae
1228 1790 1332 1833 apud
1354 1800 1439 1824 eum
1464 1789 1583 1824 solam
1609 1789 1791 1824 iustitiam

1082 1846 1220 1882 habere
1250 1847 1373 1882 locum
1403 1847 1437 1881 ΙΙ
1466 1848 1545 1891 601,
1572 1847 1627 1881 24.
1655 1847 1733 1891 602,
1764 1847 1792 1881 1.

1034 1904 1365 1949 Rogatistae
1417 1916 1492 1939 non
1540 1905 1661 1940 solum
1708 1915 1792 1939 eum

1081 1961 1296 1998 Donatistis
1340 1963 1592 1998 communiter
1638 1962 1793 1997 Donati-

1082 2024 1163 2055 stae
1216 2031 1237 2055 a
1288 2020 1440 2055 Donato
1492 2032 1624 2055 verum
1677 2021 1791 2056 etiam

1082 2078 1236 2122 proprie
1288 2078 1515 2124 Rogatistae
1569 2089 1592 2113 a
1642 2078 1792 2124 Rogato

1081 2135 1377 2180 appellabantur
1414 2136 1447 2170 II
1484 2137 1562 2180 455,
1601 2137 1653 2171 12.
1702 2147 1793 2171 non-

1081 2193 1170 2229 dum
1194 2204 1217 2228 a
1240 2193 1456 2229 Donatistis
1481 2194 1650 2238 separati
1672 2198 1792 2237 erant,

1081 2251 1235 2296 quando
1284 2251 1433 2286 Iuliano
1483 2252 1707 2295 imperatori
1756 2252 1793 2286 in

1082 2319 1151 2343 sua
1207 2309 1394 2353 petitione
1451 2310 1634 2345 dixerunt
1688 2309 1791 2353 apud

1081 2377 1165 2402 eum
1200 2367 1319 2402 solam
1354 2368 1540 2402 iustitiam
1574 2367 1698 2402 locum
1730 2367 1793 2402 ha-

1081 2425 1180 2468 bere,
1240 2435 1352 2469 quem
1412 2430 1514 2461 certe
1574 2429 1791 2469 apost-atam

1082 2488 1271 2517 noverant
1317 2482 1351 2516 ΙΙ
1399 2483 1477 2527 456,
1522 2483 1575 2517 18.
1621 2483 1792 2518 mitiores

1081 2550 1163 2575 esse
1209 2540 1450 2585 videbantur,
1494 2540 1584 2586 quia
1626 2541 1792 2575 Circum-

1081 2597 1284 2633 eellionum
1334 2598 1619 2633 immanissimis
1669 2598 1793 2643 gregi-

1082 2655 1150 2690 bus
1186 2666 1261 2690 non
1298 2656 1523 2691 saeviebant
1558 2655 1591 2688 Il
1623 2656 1701 2699 455,
1738 2656 1791 2690 14,

1082 2713 1231 2748 saevire
1271 2723 1310 2748 se
1350 2713 1449 2748 nolle
1487 2713 1667 2748 dicebant
1706 2713 1790 2757 ipsi,

1082 2771 1125 2805 A.
1161 2780 1226 2806 eos
1263 2781 1338 2805 11011
1372 2781 1485 2815 posse
1522 2770 1792 2815 arbitrabatur,

1518 2838 1585 2871 20*
