2078 3054
868 113 1114 153 Praefatio.
1626 114 1746 148 XLIII

234 231 490 286 depravatus
521 235 606 284 est;
639 243 767 285 saepe
800 230 909 271 cuim
943 229 1303 284 praetermittebat
1325 230 1454 271 verba
1475 229 1565 270 sive
1587 229 1753 283 singula

234 296 324 338 sive
365 294 590 349 complura,
634 293 882 348 saepissime
921 294 1081 335 litteras
1117 293 1184 335 vel
1227 292 1427 347 syllabas,
1466 305 1571 346 quas
1609 297 1753 347 postea

233 363 306 401 aut
336 359 427 413 ipsc
458 363 531 400 aut
567 357 674 399 alius
714 357 867 410 aliquis
908 370 1034 411 supra
1075 356 1328 398 versiculum
1369 356 1537 398 adicere
1579 356 1751 407 solebat,

233 435 316 475 quo
349 427 579 462 ceterarum
613 422 914 462 correctionum
947 420 1170 461 multitudo
1202 420 1463 473 aliquantum
1504 420 1750 473 augebatur.

234 499 342 539 quae
373 498 468 526 cuin
499 485 559 526 ita
590 484 686 535 sint,
719 489 781 526 est
818 483 928 537 quod
967 484 1129 524 mireris
1167 483 1380 524 Maurinos
1417 483 1529 524 hunc
1566 482 1749 524 codicem

233 553 452 602 tantopere
486 561 579 589 esse
610 548 842 602 amplexos.

292 612 424 654 Simili
447 611 608 653 ratione
631 611 764 653 codex
787 611 1046 653 Parisinus
1071 609 1199 651 1453
1222 623 1329 651 saec.
1350 610 1388 650 X
1413 610 1584 651 minutis
1606 610 1753 651 litteris

234 675 365 716 nitide
405 676 585 729 scriptus
624 674 730 716 duas
769 674 1040 716 brevissimas
1082 673 1284 727 epistulas
1322 672 1375 714 65
1414 677 1455 714 et
1496 673 1576 713 184
1614 672 1751 724 habet,

233 752 405 792 quarum
453 738 656 793 posterior
702 737 812 779 infra
858 738 1007 778 iterum
1055 736 1134 778 erit
1180 735 1563 788 commemoranda3
1620 737 1751 777 codex

233 803 343 843 enim
378 808 440 844 est
472 815 678 843 canonum
712 807 752 843 et
773 801 1002 842 litterarum
1027 800 1313 841 decretalium.
1349 800 1388 841 in
1412 799 1593 854 epistula
1614 804 1752 841 autem

236 867 289 907 135
336 866 458 918 longe
505 865 823 918 antiquissimus
870 870 931 905 est
979 863 1181 915 codicum,
1230 877 1334 916 quos
1381 862 1572 904 conferre
1624 864 1752 917 potui,

235 942 461 982 eorumque
494 928 857 983 exoptatissimum
890 927 1242 982 supplementum,
1286 927 1443 980 quippe
1484 926 1553 978 qui
1598 940 1750 975 cogna-

233 993 343 1033 tione
375 992 553 1046 amplius
584 993 637 1033 ab
671 992 731 1033 eis
763 991 901 1043 distet,
935 1004 1059 1044 quam
1093 990 1172 1045 ipsi
1204 990 1312 1031 inter
1343 1003 1399 1031 se.

292 1056 482 1109 Denique
520 1055 673 1097 sacculi
712 1055 750 1095 X
789 1054 915 1106 (saec.
957 1054 1018 1096 XI
1062 1067 1127 1095 ex.
1174 1066 1255 1095 see.
1302 1067 1455 1094 novum
1495 1053 1747 1106 catalogum)

233 1125 295 1161 est
328 1119 462 1160 codex
497 1119 770 1160 Vaticanus
803 1119 909 1170 2027
943 1118 1014 1172 qui
1046 1118 1176 1160 solam
1199 1117 1422 1171 epistulam
1453 1116 1528 1157 153
1551 1116 1749 1158 continet.

232 1183 349 1224 cuius
381 1183 584 1237 epistulae
617 1182 709 1224 libri
742 1195 838 1224 mss.
873 1195 965 1223 cum
998 1182 1039 1222 in
1073 1180 1154 1222 duo
1186 1193 1343 1234 genera
1371 1180 1453 1221 sint
1477 1180 1614 1231 divisi,
1648 1193 1752 1232 quae

231 1261 270 1300 p.
304 1246 590 1287 XVI—XVII
638 1246 955 1300 explicavimus,
1005 1244 1138 1287 codex
1182 1244 1408 1284 Vaticanus
1447 1243 1530 1283 202
1576 1257 1628 1283 ex
1667 1257 1750 1283 me-

232 1309 332 1350 liore
364 1322 519 1363 genere
552 1314 627 1361 est,
661 1322 742 1362 quo
775 1308 1040 1350 Monacensis
1073 1307 1184 1348 6266
1217 1307 1389 1359 eiusque
1422 1306 1635 1360 similes.1)

291 1372 486 1425 Sequitur
518 1372 651 1414 codex
684 1372 839 1414 saeculi
872 1372 1035 1413 X—-XI
1070 1370 1334 1413 Parisinus
1366 1383 1470 1411 nov.
1495 1382 1596 1422 acq.
1627 1370 1752 1409 1449

235 1449 328 1477 cum
368 1436 558 1490 epistulis
593 1436 685 1476 156.
725 1435 815 1476 157.
850 1435 916 1475 98.
953 1436 1047 1475 225.
1082 1434 1224 1488 2202)
1261 1446 1435 1487 quarum
1474 1432 1580 1474 duae
1618 1437 1754 1488 poste—

231 1500 360 1541 riores
396 1499 507 1540 infra
545 1499 769 1554 separatim
809 1505 904 1539 sunt
942 1498 1204 1550 tractandam
1239 1497 1396 1552 priores
1434 1501 1517 1537 tres
1556 1496 1755 1551 epistulas

233 1563 333 1604 satis
354 1569 569 1617 corruptas
596 1563 724 1605 habet
756 1568 796 1604 et
829 1561 993 1603 mendis
1025 1566 1168 1602 scatet.
1203 1574 1295 1602 cum
1330 1560 1440 1601 nullo
1473 1565 1612 1602 autem
1645 1564 1752 1601 cete·

232 1640 369 1668 rorum
408 1626 598 1668 codicum
631 1627 780 1668 artiore
815 1626 980 1666 vinculo
1013 1624 1259 1666 coniunctus
1291 1625 1342 1665 ob
1377 1636 1552 1676 eamque
1584 1636 1752 1664 causam

232 1689 403 1730 minime
425 1689 687 1743 spernendus
710 1695 784 1731 cst.
810 1693 1028 1743 praeterea
1051 1688 1091 1728 in
1116 1688 1294 1741 epistula
1316 1687 1368 1727 98
1393 1701 1431 1741 p.
1455 1687 1551 1738 530,
1575 1687 1600 1727 5
1624 1688 1754 1728 verba

233 1755 280 1794 (Ze
311 1767 373 1794 ‘me
407 1753 537 1794 „culta
568 1766 675 1794 unus
707 1753 871 1807 integra
903 1751 1170 1793 conservavit
1202 1751 1323 1793 simul
1361 1764 1452 1792 cum
1493 1763 1573 1791 uno
1612 1749 1754 1792 codice

234 1816 421 1858 Parisino
466 1830 560 1858 nov.
594 1830 682 1870 acq.
725 1817 843 1867 1072,
884 1829 1059 1868 quocum
1092 1815 1184 1856 aliis
1227 1828 1389 1868 quoque
1420 1814 1578 1867 aliquot
1609 1813 1753 1856 locis3«

232 1880 379 1920 mirum
414 1880 455 1920 in
490 1879 658 1921 modum
692 1880 894 1933 congruit.

291 1942 488 1983 Eiusdem
523 1944 671 1984 aetatis
704 1949 766 1983 cst
799 1942 932 1984 codex
967 1942 1283 1984 Coloniensis
1318 1942 1422 1981 llb'.
1447 1954 1583 1994 neque
1612 1945 1752 1981 tamen

233 2019 287 2047 ex
319 2006 541 2059 Augustini
571 2006 759 2060 epistulis
790 2005 903 2046 aliud
928 2006 1147 2057 quicquain
1173 2004 1298 2046 babet
1321 2004 1400 2045 nisi
1423 2004 1622 2058 exiguum
1644 2003 1752 2057 frag-

232 2074 417 2111 mentum
452 2069 653 2124 epistulae
691 2070 783 2120 185,
817 2069 886 2110 ubi
920 2068 960 2108 id
995 2082 1120 2108 unum
1155 2067 1548 2110 commemoratione
1577 2067 1751 2120 dignum

233 2132 410 2184 videtur,
443 2132 553 2185 quod
584 2133 624 2173 in
659 2147 697 2186 p.
732 2133 799 2183 40,
835 2132 945 2171 8-0
979 2131 1197 2172 lectionem
1230 2132 1305 2172 etsi
1337 2131 1520 2185 praebet,
1554 2143 1678 2183 quam
1710 2130 1751 2170 in

233 2196 322 2239 sola
351 2196 633 2237 Maurinorum
673 2195 856 2237 editione
889 2195 1060 2248 reperiO,
1101 2207 1192 2235 cum
1225 2207 1369 2235 omnes
1407 2193 1571 2235 codices
1603 2194 1682 2235 mei
1716 2200 1755 2235 et

233 2264 396 2301 ceterae
429 2258 633 2300 editiones
665 2258 850 2300 habeant
881 2262 919 2299 et
948 2259 1019 2299 sic.

291 2323 498 2364 Venimus
535 2322 588 2363 ad
627 2321 791 2363 codices
830 2321 1030 2373 q'uosdam
1072 2321 1226 2362 saeculi
1264 2321 1339 2372 XI,
1378 2321 1446 2373 qui
1486 2334 1637 2362 novem
1680 2320 1754 2361 hoc

234 2385 323 2426 loco
355 2390 451 2427 sunt
485 2384 744 2426 memorandi
777 2397 826 2425 ac
858 2384 1037 2437 primum
1071 2383 1239 2436 quidem
1273 2384 1506 2438 proferatur
1538 2384 1753 2425 Lauren-

235 2449 403 2490 tianus
448 2449 512 2490 St.
544 2448 719 2490 Crucis
762 2447 878 2502 plut.
910 2446 1049 2488 XVII
1089 2447 1244 2488 dextr.
1277 2448 1359 2502 2⁴)
1398 2448 1513 2488 cuius
1551 2447 1754 2500 epistulae

301 2571 326 2613 ¹)
354 2569 458 2603 Hunc
485 2569 645 2604 codicem
673 2568 757 2602 mihi
786 2568 939 2602 contulit
964 2568 1041 2603 Jos.
1062 2567 1312 2601 Zeehmeister.

293 2622 320 2664 ‘-')
349 2621 453 2655 Hunc
480 2620 640 2655 codicem
667 2622 900 2655 contuleruut
924 2621 966 2654 A.
989 2619 1172 2654 Swoboda
1193 2623 1226 2652 et
1247 2619 1343 2662 Aug.
1367 2618 1534 2652 nahmen
1556 2618 1754 2662 iterumqu(¹

237 2673 346 2707 Henr.
366 2673 552 2717 Lebegue.

293 2726 320 2768 ³)
347 2723 401 2759 Cf.
429 2736 460 2769 p.
489 2727 563 2760 527.
595 2727 652 2768 183
679 2727 754 2766 530‚
783 2727 819 2760 3:
850 2728 906 2767 11;
934 2727 1008 2760 531.
1037 2728 1073 2767 ω
1100 2726 1174 2759 532.
1206 2727 1234 2758 τ.

294 2779 320 2804 4-4
349 2776 451 2810 Hum¹
479 2776 640 2811 codicem
667 2776 751 2810 milii
781 2776 937 2810 contulit
963 2775 1040 2811 Car.
1072 2776 1239 2810 Schenkl.
