2078 3054
359 127 455 161 LXX
999 124 1244 159 l’::ts›f:rti‹›.

355 243 481 297 igitur
501 250 690 297 praeter
727 242 802 283 hos
835 241 1002 284 codices
1033 241 1139 284 alios
1172 241 1374 283 tredecim
1408 243 1616 297 congessi,
1658 243 1699 284 in
1732 244 1885 297 quibus

355 306 559 361 epistulae
607 319 698 347 cum
745 305 816 347 illo
863 305 970 347 libro
1013 306 1264 348 coniunctae
1307 311 1416 358 sunt,
1464 319 1639 359 quorum
1685 311 1730 348 ut
1774 308 1882 350 anti-

355 369 580 423 quissimus
612 369 674 410 ita'
701 369 1093 423 praestantissimus
1125 374 1190 410 est

412 433 713 487 Lugdunensis
744 432 826 472 608
865 432 986 488 (524)
1020 446 1129 475 saec.
1155 432 1271 473 VIII.
1307 432 1378 486 qui
1416 446 1509 474 cum
1542 433 1714 475 madore
1746 435 1885 477 laesus

354 496 420 547 sit,
454 497 585 537 multa
616 497 674 537 ita
706 502 984 548 evanuerunt,
1019 502 1063 537 ut
1094 496 1178 550 legi
1211 501 1437 549 nequeant.
1472 497 1724 551 conspicuus
1745 505 1885 540 autem

355 573 403 601 eo
444 566 520 611 est,
563 559 674 613 quod
717 560 847 601 verba
889 573 1015 614 saepe
1057 565 1129 601 aut
1169 560 1312 601 iuncta
1345 559 1474 602 habet
1506 560 1653 614 (quise,
1694 563 1882 615 aseipsis,

354 624 552 677 eoeadam)
593 628 665 664 aut
705 623 814 664 male
861 622 1062 665 distincta
1108 625 1175 677 (ex
1213 627 1441 676 pectantes,
1489 625 1598 666 ‘inter
1643 627 1884 680 intermitte),

353 686 466 728 unde
512 687 651 741 colligi
699 700 822 741 posse
870 686 1065 729 videatur
1111 700 1163 728 ex
1211 687 1445 742 exemplari
1487 701 1580 729 eum
1628 688 1883 744 descriptum

354 764 460 802 esse,
496 751 536 791 in
569 764 652 804 quo
685 751 816 792 verba
849 751 991 793 verbis
1024 756 1144 793 erant
1176 751 1431 792 continuata.
1446 751 1477 806 ¹)

414 814 586 866 Eadem,
629 827 737 867 quae
778 813 847 855 hic
890 814 1038 866 codex,
1085 815 1242 869 scripta
1283 814 1431 856 eodem
1474 814 1621 857 ordine
1667 816 1887 859 continent

354 878 571 920 Parisinus
604 878 716 919 2095
748 890 856 919 saec.
882 878 942 919 IX
976 883 1016 920 et
1038 878 1268 920 Bernensis
1293 879 1373 918 176
1396 891 1504 920 saec.
1531 879 1751 931 XI——XIL
1783 893 1883 933 quo·

353 955 444 983 rum
482 942 550 983 ille
589 955 713 995 quam
752 942 934 983 maxime
972 941 1026 983 ad
1066 942 1156 984 eius
1193 942 1511 984 similitudinem
1547 942 1712 984 accedit
1750 949 1789 984 ct
1822 948 1886 986 est

354 1005 463 1047 liber
503 1005 587 1047 fide
629 1005 918 1059 dignissimus,
961 1005 1004 1047 in
1048 1019 1128 1059 quo
1171 1005 1437 1048 emendando
1478 1006 1575 1048 libri
1617 1020 1692 1048 ms.
1726 1004 1885 1049 auxilio

357 1083 527 1124 operam
564 1069 752 1124 ponebat
782 1083 932 1111 manus
962 1076 1036 1117 aut
1065 1070 1258 1123 aequalis
1289 1075 1362 1111 aut
1391 1083 1475 1111 non
1507 1070 1637 1112 multo
1669 1070 1884 1125 posterior,

355 1146 463 1186 quae
503 1133 557 1174 ab
598 1133 731 1188 ipsius
768 1133 927 1174 librarii
965 1147 1093 1174 manu
1132 1146 1261 1188 saepe
1299 1133 1372 1175 vix
1404 1139 1543 1188 potest
1574 1133 1776 1188 discerni3
1819 1134 1886 1176 hic

355 1202 397 1238 et
433 1197 523 1252 ipse
560 1210 652 1239 cum
684 1197 767 1239 illis
799 1202 863 1238 est
894 1198 1078 1238 maxime
1110 1202 1327 1252 cognatus,
1371 1205 1550 1251 utroque
1581 1205 1721 1240 autem
1754 1199 1884 1240 multo

356 1260 558 1302 vitiosior.

412 1325 559 1378 Neque
600 1323 786 1379 disiungi
825 1329 965 1380 potest
1001 1324 1055 1366 ab
1094 1324 1160 1367 his
1191 1324 1408 1367 codicibus
1440 1324 1546 1367 liber
1577 1325 1775 1379 egregius
1805 1325 1883 1367 Pa-

353 1389 508 1430 risinus
552 1388 689 1429 12210
718 1401 836 1430 saec.
867 1389 921 1440 X,
964 1388 1017 1430 de
1054 1402 1149 1442 quo,
1192 1402 1301 1442 quae
1340 1388 1581 1430 necessaria
1618 1388 1884 1443 videbantur,

354 1466 392 1507 p.
420 1452 859 1494 XXXIII-—XXXIV
881 1457 981 1493 sunt
1002 1452 1210 1506 exposita,
1244 1457 1284 1494 et
1306 1452 1411 1493 liber
1433 1452 1706 1494 Sessorianus
1729 1453 1884 1494 Romae

355 1517 397 1557 in
431 1515 689 1558 bibliotheca
722 1516 902 1558 Victoris
935 1515 1179 1558 Emanuelis
1215 1515 1269 1556 97
1310 1516 1477 1571 (1542),
1519 1516 1590 1569 qui
1631 1529 1884 1570 quamquam

355 1586 418 1621 est
460 1580 589 1621 multo
632 1581 841 1622 recentior
883 1605 935 1610 —
979 1580 1159 1635 scriptus
1201 1580 1314 1622 enim
1357 1584 1420 1622 est
1461 1580 1630 1622 saeculo
1671 1580 1773 1622 XIII
1815 1605 1883 1632 ——,

353 1648 493 1685 tamen
527 1644 571 1685 in
603 1657 743 1685 eorum
778 1657 950 1685 numero
983 1644 1149 1686 videtur
1181 1657 1274 1685 esse
1307 1642 1588 1698 habendus.2)
1622 1644 1776 1685 etenim
1798 1658 1884 1686 om-

354 1722 443 1759 nes,
476 1721 581 1761 quos
612 1707 735 1749 modo
757 1709 1016 1758 enumeravi,
1050 1708 1237 1761 quinque
1259 1707 1424 1750 codices
1446 1707 1599 1749 artiore
1622 1708 1886 1761 cognationis

355 1772 522 1813 vinculo
545 1772 825 1823 continentur,
859 1764 940 1824 quo
964 1771 1121 1813 factum
1146 1778 1223 1822 est,
1247 1776 1291 1812 ut
1314 1771 1391 1813 soli
1414 1771 1456 1812 in
1480 1784 1545 1826 ep.
1570 1771 1654 1811 214
1675 1785 1713 1826 p.
1737 1771 1834 1824 383,
1858 1773 1884 1813 5

355 1836 529 1877 verbum
571 1839 610 1876 et
648 1840 961 1887 conservarent,
1004 1835 1115 1888 quod
1156 1848 1302 1877 verum
1340 1848 1433 1878 esse
1472 1835 1635 1877 Graeca
1672 1849 1884 1877 sacrarum

354 1900 584 1941 litterarum
616 1899 963 1953 interpretatione
987 1898 1271 1951 confirmatur,
1304 1899 1578 1951 similiterque
1600 1912 1668 1940 res
1690 1911 1734 1940 se
1756 1899 1885 1940 habet

353 1963 394 2004 in
429 1976 491 2017 ep.
519 1963 602 2003 215
635 1976 673 2016 p.
698 1963 796 2014 391,
833 1963 884 2003 14
917 1963 1016 2004 deus
1049 1962 1120 2011 (cf.
1146 1977 1184 2017 p.
1209 1962 1282 2015 X).

414 2025 577 2068 Deinde
610 2020 652 2067 iu
687 2026 807 2068 bonis
831 2026 949 2067 libris
971 2025 1068 2068 duci
1091 2031 1255 2080 oportet
1278 2026 1491 2068 Parisinos
1513 2025 1625 2067 2103
1649 2038 1758 2068 saec.
1783 2026 1882 2081 XII,

354 2090 425 2143 qui
456 2090 627 2144 saepius
658 2090 711 2131 ab
743 2090 834 2144 ipso
866 2090 1049 2142 librario,
1091 2103 1185 2132 raro
1217 2103 1270 2132 m.
1296 2089 1321 2129 2
1353 2089 1653 2143 corrigebatur,
1696 2094 1737 2131 et
1769 2089 1880 2130 2807

354 2166 462 2195 saec.
487 2153 606 2194 XIII.
640 2152 862 2195 mediocris
893 2159 1034 2195 autem
1059 2153 1180 2208 pret-ii
1203 2159 1267 2195 est
1288 2153 1423 2195 codex
1447 2153 1671 2195 Leidensis
1693 2153 1881 2208 (Vossia-

353 2217 452 2269 nus)
490 2216 528 2266 Q
564 2218 618 2257 925
656 2230 766 2259 saec.
790 2217 865 2269 IX,
909 2230 1033 2270 quem
1073 2217 1165 2259 Car.
1196 2216 1385 2260 Schenkl
1422 2217 1558 2259 amice
1598 2222 1639 2258 et
1677 2216 1882 2258 benevole

354 2281 456 2322 mihi
490 2281 690 2323 excussit.

415 2344 645 2386 Deterior-is
690 2344 874 2398 denique
919 2348 1042 2386 notae
1089 2358 1182 2387 esse
1227 2349 1344 2400 patet
1389 2343 1471 2386 duo
1519 2344 1708 2386 codicum
1751 2344 1882 2399 paria,

352 2408 531 2449 alterum
563 2408 828 2450 Coloniensis
860 2408 915 2448 80
947 2421 1057 2450 saec.
1084 2409 1144 2449 IX
1178 2414 1218 2450 et
1249 2407 1469 2450 Bodleiani
1502 2407 1635 2450 Laud.
1658 2408 1774 2450 misc.
1803 2408 1882 2449 133

354 2484 463 2513 saec.
488 2472 527 2512 X
550 2472 592 2512 in
612 2506 620 2523 ,
644 2471 819 2514 alterum
843 2471 1136 2527 Sangallensis
1164 2473 1243 2513 140
1265 2485 1374 2514 saec.
1400 2472 1440 2513 X
1464 2477 1505 2513 et
1526 2471 1780 2513 Admontani
1804 2471 1884 2512 125

354 2548 465 2594 saec.
495 2535 579 2576 XII
615 2535 694 2589 (XI
727 2548 807 2578 sec.
832 2536 987 2590 catal).
1032 2541 1158 2590 atque
1200 2535 1254 2578 de
1291 2535 1373 2578 illis
1406 2548 1534 2590 supra
1565 2535 1882 2596 p4XXle—

415 2699 440 2740 ¹)
468 2696 753 2732 Accuratissime
780 2697 875 2732 huuc
903 2698 1065 2732 codicem
1091 2697 1178 2732 mihi
1206 2697 1363 2733 contulit
1390 2697 1499 2732 Henr.
1519 2696 1704 2740 Lebegue.

413 2750 440 2790 ²)
470 2748 589 2783 Huius
619 2748 756 2783 codicis
789 2749 982 2793 epistulam
1009 2753 1074 2787 214
1102 2752 1297 2795 postquam
1324 2748 1430 2784 Mich.
1451 2749 1683 2793 Petschenig.
1701 2749 1737 2783 in
1762 2760 1881 2785 mcum

356 2811 459 2836 usum
486 2800 689 2846 descripsit.
719 2800 862 2835 Maxim.
884 2801 1076 2837 Lambcrtz
1103 2805 1295 2847 utramque
1322 2800 1487 2836 contulit.
