2078 3054
299 140 355 180 44
938 150 1077 186 Index
1106 150 1178 184 lll.

443 267 496 302 De
532 266 705 311 epistulis
741 266 807 301 166
842 271 877 301 et
914 266 978 301 167
1014 265 1104 301 dicit
1141 266 1380 310 Augustinus
1416 267 1451 300 in
1487 266 1816 302 Retractationuin

300 324 321 359 l.
353 324 386 358 II
416 334 446 358 c.
479 325 536 359 45:
569 325 714 368 Scripsi
741 325 858 359 etiam
886 325 985 359 duos
1013 325 1131 359 libros
1160 325 1210 359 ad
1242 325 1518 369 Hieronymum
1548 326 1816 371 presbyterum

300 383 498 417 sedentem
526 384 563 418 in
591 383 786 418 Bethleem
813 393 929 418 unum
955 382 1004 417 de
1030 383 1179 428 oriyine
1205 384 1356 418 animae
1386 384 1552 419 hominis
1578 384 1742 419 alterum
1769 385 1817 419 de

298 442 491 475 sententia
527 440 656 475 Iacobi
688 441 857 484 apostoli
888 441 936 474 (Ie
969 443 1132 485 utroque
1165 441 1372 476 consulens
1405 451 1504 476 evm.
1552 441 1665 477 simul
1699 441 1816 486 igitur

301 502 500 542 utramque
525 498 729 542 epistulam
754 498 901 542 misit1)
928 499 1041 543 idque
1068 508 1170 533 anno
1193 499 1261 533 415
1283 521 1330 525 -
1353 509 1440 534 nam
1466 499 1564 535 inter
1589 499 1701 534 huius
1726 500 1817 535 anni

300 566 415 600 opera
449 556 486 590 in
517 555 870 591 Retractationibus
904 560 991 590 sunt
1024 560 1268 591 enumeratae
1300 577 1347 581 —
1379 567 1444 601 per
1475 557 1662 596 orosium,
1695 567 1817 601 quem,

300 617 340 648 ut
362 613 536 648 discendi
559 624 677 649 causa
697 614 745 648 ad
771 613 1046 659 Hieronymum
1068 614 1150 658 iret,
1175 614 1257 658 ipse
1280 615 1456 650 hortatus
1478 615 1602 659 erat.²)
1640 615 1815 651 Orosium

298 675 425 706 autem
459 671 533 706 iam
566 671 620 705 III
652 671 740 706 Kal.
774 672 970 717 Augustas
1003 672 1105 707 illius
1137 673 1228 707 anni
1261 672 1539 716 Hierosolymis
1573 673 1816 708 sacerdotum

299 729 507 764 conventui
545 729 766 765 interfuisse
806 731 855 765 ad
892 740 951 774 ep.
991 731 1056 765 157
1093 731 1309 774 docuimus;
1350 731 1478 776 itaque
1517 731 1701 776 sequitur,
1739 731 1818 775 epi-

300 785 401 821 stula
429 786 495 822 166
519 791 557 823 et
583 788 649 822 167
673 798 763 823 vere
789 789 880 823 anni
905 789 973 823 415
999 792 1039 824 ut
1066 789 1143 824 sint
1168 789 1418 832 compositae.

439 847 552 883 Brevi
591 847 759 891 epistula
797 847 864 883 168
900 846 1092 882 Timasius
1133 851 1171 884 et
1208 846 1373 882 Iacobus
1413 847 1630 893 Augustino
1669 848 1816 893 gratias

299 909 471 950 egerunt,
505 906 607 951 quod
643 905 780 941 librum
815 905 862 941 de
898 910 1037 940 natura
1071 910 1110 941 et
1144 905 1271 950 gratia
1305 906 1355 941 ad
1389 915 1454 941 eos
1488 906 1658 941 miserat.
1706 917 1817 951 quem

301 963 436 998 librum
458 974 491 998 a.
514 964 582 998 415
604 964 858 1008 compositum
880 974 964 998 esse
985 973 1116 998 omnes
1138 964 1397 998 consentiunt.

440 1020 482 1056 In
509 1021 677 1065 epistula
705 1021 771 1057 169
801 1021 1041 1067 Augustinus
1068 1031 1190 1065 opera
1217 1026 1502 1066 commemorat,
1531 1033 1628 1067 quae
1659 1032 1704 1058 eo
1734 1022 1818 1065 ipso

299 1089 412 1123 anno,
454 1089 529 1124 quo
572 1079 671 1114 hanc
714 1079 920 1123 epistulam
964 1079 1166 1124 scribebat,
1208 1083 1299 1115 ante
1344 1081 1489 1124 pascha
1532 1081 1819 1125 propinquante

300 1137 596 1182 quadragesima
631 1138 812 1173 inchoata
849 1138 1125 1182 conscripsisse
1166 1148 1206 1174 se
1243 1138 1381 1182 dicit.³)
1434 1138 1489 1173 sic
1525 1138 1647 1173 tribus
1685 1138 1820 1183 priori-

299 1195 369 1230 bus
395 1195 501 1231 libris
529 1195 576 1232 de
604 1195 762 1231 civitate
789 1195 852 1231 dei
879 1196 976 1231 duos
1006 1196 1103 1232 alios
1129 1196 1340 1241 addidit;⁴)
1383 1196 1438 1231 sic
1465 1197 1562 1232 duos
1590 1196 1708 1232 libros
1736 1197 1818 1232 sive

300 1253 486 1296 epistulas
521 1253 604 1296 (166
633 1258 671 1289 et
705 1254 786 1298 167)
821 1254 870 1289 ad
904 1253 1179 1299 Hieronymum
1211 1255 1258 1290 de
1290 1255 1439 1299 origine
1470 1255 1622 1290 animae
1654 1255 1819 1290 hominis

299 1315 336 1345 et
374 1311 421 1346 de
461 1311 653 1346 sententia
691 1311 821 1346 Iacobi
861 1312 1028 1356 apostoli
1066 1312 1231 1357 misit35)
1271 1312 1325 1347 sic
1365 1311 1499 1347 Orosio
1540 1313 1589 1347 ad
1628 1313 1817 1357 quaedam

299 1372 538 1418 interrogata
568 1372 664 1407 libro
697 1376 833 1407 contra
862 1371 1179 1406 Priscillianistas
1211 1375 1249 1407 et
1283 1370 1523 1416 Origenistas
1555 1370 1816 1415 respondit;⁰)

299 1431 352 1465 sic
382 1430 518 1466 librum
547 1430 762 1474 composuit
792 1430 838 1465 de
868 1434 1007 1465 natura
1033 1434 1073 1465 et
1098 1429 1227 1475 gratia
1252 1433 1388 1464 contra
1415 1428 1657 1473 Pelagium.⁷)
1703 1432 1818 1473 atque

297 1492 337 1522 ut
362 1488 549 1532 epistulas
576 1489 641 1523 166
665 1493 701 1523 et
728 1489 793 1522 167
821 1498 911 1523 vere
936 1488 1026 1523 anni
1051 1487 1118 1522 415
1143 1487 1256 1522 datas
1281 1497 1365 1522 esse
1393 1497 1511 1531 supra
1536 1486 1818 1522 demonstravi-

296 1556 391 1588 mus,
426 1546 478 1581 ita
513 1551 641 1582 cetera
675 1556 827 1591 quoque
861 1546 990 1580 omnia
1024 1545 1159 1581 eodem
1194 1556 1295 1580 anno
1333 1549 1495 1580 exarata
1528 1548 1629 1588 sunt,
1665 1555 1742 1589 qua-
1776 1555 1816 1580 re

298 1604 412 1638 etiam
448 1614 525 1638 una
558 1615 642 1639 cum
678 1604 750 1639 illis
786 1604 960 1648 epistulis
996 1604 1033 1638 in
1068 1602 1400 1638 Retractationum
1435 1602 1530 1637 libro
1567 1602 1601 1637 II
1635 1606 1818 1647 quattuor

296 1661 480 1705 deinceps
509 1662 700 1706 capitibus
726 1662 865 1696 42-45
892 1661 1054 1697 alterum
1081 1666 1168 1705 post
1196 1661 1357 1697 alterum
1385 1665 1645 1696 recensentur.
1687 1660 1815 1705 itaque

296 1719 501 1763 epistulam
551 1719 616 1755 169
663 1719 921 1765 Augustinum
969 1730 1071 1754 anno
1118 1719 1196 1763 415,
1246 1724 1449 1764 postquam
1500 1718 1574 1753 illis
1621 1718 1816 1754 laboribus

297 1777 451 1812 functus
487 1777 546 1822 sit,
577 1778 625 1813 ad
659 1777 848 1813 Evodium
881 1777 1035 1814 dedisse
1068 1781 1233 1813 constat.

439 1837 636 1882 Epistulae
661 1837 740 1872 17⁰.
763 1836 842 1871 171.
866 1836 929 1871 171
946 1837 992 1871 Α.

298 1896 510 1941 Epistulam
544 1896 611 1930 170
643 1894 805 1940 Alypius
838 1898 876 1929 et
909 1893 1149 1939 Augustinus
1181 1893 1231 1933 ad
1264 1893 1466 1928 Maximum
1499 1893 1698 1935 dederunt,
1732 1903 1816 1927 cum

297 1964 318 1988 a
353 1953 561 1998 Peregrino
594 1952 778 1996 episcopo
811 1951 1052 1987 audivissent
1086 1951 1191 1986 illum
1226 1951 1349 1995 ipsum
1384 1951 1537 1996 quidem
1570 1961 1618 1986 ex
1654 1951 1817 1985 Arriana

298 2011 446 2046 haeresi
481 2011 530 2045 ad
569 2010 797 2045 catholicam
835 2009 946 2044 fidem
985 2009 1130 2044 redisse
1167 2019 1289 2054 neque
1327 2019 1420 2043 vero
1457 2008 1643 2052 effecisse,
1680 2012 1720 2043 ut
1758 2008 1816 2042 sui

297 2077 448 2113 quoque
484 2067 583 2103 idem
620 2067 803 2103 facerent.
851 2067 952 2112 quod
988 2072 1029 2101 ut
1064 2067 1212 2102 acriore
1248 2067 1376 2102 studio
1411 2066 1588 2112 agitaret,
1627 2076 1712 2101 eum
1751 2065 1816 2100 ad-

299 2126 500 2161 hortantur
541 2125 728 2170 simulque
771 2125 861 2169 quid
905 2125 951 2160 de
995 2125 1167 2160 trinitate
1209 2128 1343 2159 contra
1386 2124 1568 2159 Arrianos
1612 2124 1816 2159 tenendum

297 2187 409 2227 esset,
445 2187 657 2227 exponunt.
702 2194 824 2228 neque
861 2183 979 2218 multo
1015 2187 1102 2226 post
1136 2183 1262 2227 veriti,
1296 2193 1340 2218 ne
1376 2182 1563 2217 Maximus
1598 2193 1637 2217 se
1670 2182 1815 2217 laesum

298 2246 463 2286 putaret,
492 2241 660 2285 epistula
690 2241 753 2276 171
785 2241 835 2276 3(1
865 2240 1114 2286 Peregrinum
1145 2241 1238 2275 data
1269 2251 1307 2276 se
1339 2244 1623 2276 excusaverunt
1654 2250 1816 2284 eumque

298 2299 647 2344 interrogaverunt,
679 2299 864 2344 numquid
897 2298 964 2334 illa
994 2299 1264 2334 adhortatione
1297 2298 1563 2342 profecissent..
1608 2308 1706 2344 quae
1739 2298 1818 2341 epi-

299 2357 525 2402 stulae·quo
555 2361 727 2400 tempore
754 2357 894 2392 missae
925 2357 1001 2392 sint
1028 2357 1102 2392 nisi
1129 2367 1175 2392 ex
1204 2356 1403 2402 Peregrini
1430 2356 1659 2400 episcopatu
1687 2355 1816 2399 colligi

298 2425 374 2449 non
405 2418 544 2458 potest.
588 2425 712 2460 neque
745 2414 846 2450 enim
879 2415 1085 2459 episcopus
1118 2414 1349 2460 Peregrinus
1380 2414 1479 2449 alius
1513 2414 1630 2450 fuisse
1662 2414 1816 2449 videtur

439 2543 468 2586 ¹)
496 2542 552 2578 Cf.
578 2542 693 2578 etiam
719 2552 779 2586 ep.
808 2542 872 2576 167
898 2553 933 2586 p.
958 2542 1036 2585 586,
1061 2542 1211 2585 3-587,
1236 2542 1272 2577 3:
1298 2552 1357 2585 ep.
1387 2541 1453 2576 169
1478 2551 1512 2586 p.
1537 2541 1616 2584 620,
1643 2541 1816 2580 28-621,

301 2600 357 2636 16:
385 2610 443 2644 ep.
472 2600 538 2635 172
564 2610 600 2645 p.
626 2600 706 2644 636,
732 2600 882 2643 6—637,
908 2599 940 2634 2.

438 2658 467 2701 ²)
497 2668 556 2702 ep.
586 2658 653 2692 166
680 2668 715 2702 p.
745 2658 824 2701 547,
851 2657 1001 2702 5—548,
1028 2658 1064 2700 9;
1095 2668 1153 2702 ep.
1185 2658 1250 2692 169
1279 2668 1314 2701 p.
1341 2657 1420 2693 621.
1454 2656 1599 2691 12-16.

439 2715 468 2758 ³)
498 2726 533 2759 p.
560 2716 639 2759 611,
666 2715 792 2750 9—10.
1151 2715 1180 2756 ⁴)
1210 2725 1245 2758 p.
1272 2715 1350 2754 611,
1382 2715 1529 2749 11-15.

440 2772 469 2817 ⁵)
499 2783 535 2816 p.
570 2773 650 2817 626,
682 2773 854 2817 28-621,
889 2773 943 2808 16.
1147 2774 1177 2818 ⁶)
1206 2782 1242 2817 p.
1274 2773 1355 2817 621,
1388 2772 1535 2807 16-20.

441 2830 470 2874 ⁷)
500 2839 536 2874 p.
566 2830 645 2875 621,
677 2830 826 2866 20-23.
