2078 3054
846 172 985 207 Iudex
1014 173 1058 207 V.
1644 161 1725 203 139

223 288 271 322 ad
303 299 387 323 eum
421 287 578 332 perferri
611 298 685 322 non
719 283 952 340 potuerunt.}
1017 287 1069 321 18.
1107 287 1156 321 ‘in
1193 287 1291 322 lecto
1329 288 1435 326 sum‘.
1472 288 1602 324 scribit
1638 288 1726 324 Pro-

223 350 337 390 atque
387 346 466 390 ipse
514 345 595 380 eius
642 345 826 389 epistulas
873 344 932 379 vel

225 403 367 448 scripta
397 403 587 438 desiderat
621 403 652 437 II
684 403 762 440 248.
794 404 825 445 4,
857 403 935 445 249.

225 462 267 494 10
307 471 468 505 eumque
509 460 695 499 obsecrat,
738 463 780 494 ut
822 461 933 494 inter-

222 518 473 562 pretationem
504 519 550 553 de
583 518 827 562 septuaginta
858 518 933 552 fac-

222 580 311 617 tam,
359 587 471 621 quam
523 587 607 611 eum
657 576 821 610 edidisse
871 586 933 610 ne-

222 634 410 675 scivisset,
450 638 487 668 et
527 633 660 668 librum
702 634 748 668 de
788 633 932 677 optimo

220 701 359 733 genere
408 690 682 735 interpretandi
731 690 802 725 sibi
850 690 931 724 mit-

222 752 317 783 teret
346 748 378 782 11
403 749 483 791 385.
512 748 563 783 19.
591 748 634 782 Α.
661 747 950 792 Hieronymum·

221 806 267 840 de
303 805 400 840 facie
436 816 511 840 non
547 809 720 844 noverat,
756 806 821 840 sed
857 815 931 840 non

222 863 464 898 mediocriter
484 875 523 898 se
545 874 629 898 eum
646 864 683 898 in
698 864 833 898 litteris
849 864 929 898 eius

220 920 374 955 novisse
406 921 498 955 dicit
531 926 567 955 et
599 921 754 965 spiritus
786 921 931 955 unitate

220 978 318 1013 inter
352 989 391 1013 se
426 989 509 1014 esse
545 979 770 1013 coniunctos
807 979 838 1012 II
876 979 931 1021 70,

221 1037 275 1071 10.
303 1037 357 1071 13.
385 1037 416 1071 7.
443 1037 480 1070 in
508 1037 634 1071 multis
662 1036 773 1071 rebus
801 1036 947 1071 Hiero-⁴

219 1104 332 1137 nymo
372 1105 411 1129 se
449 1094 629 1129 minorem
668 1105 751 1129 esse
789 1095 946 1129 fatetur*

220 1151 253 1185 II
290 1152 370 1189 385.
409 1153 443 1188 7:
484 1153 530 1192 cf.
571 1152 649 1193 ⁴269,
690 1153 722 1187 9.
761 1153 807 1187 de
849 1152 929 1187 eius

218 1209 418 1253 prudentia
448 1210 697 1254 doctrinaque
727 1210 946 1246 desiderat.'

219 1272 259 1301 ut
285 1272 376 1301 nota
403 1267 519 1302 faciat
545 1267 718 1312 Origenis
746 1272 871 1303 errata
898 1268 946 1302 Il-

219 1325 273 1367 79.
310 1325 331 1359 9
370 1329 406 1358 et
446 1325 612 1359 omnium
652 1325 927 1360 baereticorum

218 1392 398 1425 perversa
448 1382 630 1426 dogmata
678 1393 752 1418 uno
802 1373 946 1430 libello}

218 1439 384 1474 breviter
420 1440 567 1484 digerat
604 1441 659 1476 80.
695 1442 727 1475 9.
763 1452 847 1475 cum
882 1435 946 1487 de}

217 1497 362 1541 origine
400 1498 547 1532 animae
586 1498 838 1542 Hieronymus
877 1499 946 1536 in-‚

218 1559 486 1599 terrogaretur.
509 1556 716 1600 respondit.
738 1560 777 1591 ut
801 1557 946 1600 potius³

217 1612 471 1656 Augus-tinum
501 1614 743 1648 consulerent
772 1614 822 1648 ΙΙΙ
849 1615 928 1657 543,

216 1670 247 1703 6.
275 1670 324 1704 IV
354 1671 429 1705 155.
456 1672 509 1705 19.

262 1739 306 1773 Α.
337 1739 554 1775 infirmitate
583 1741 753 1785 corporis
783 1740 926 1775 labora-

218 1796 279 1831 bat
304 1797 316 1830 Ι
340 1798 395 1834 23.
419 1798 475 1833 17:
498 1799 544 1838 cf.
568 1798 617 1832 lv
640 1799 718 1834 445.
742 1799 778 1832 11
805 1799 944 1843 neque*

217 1855 390 1889 sufficere
429 1860 577 1899 poterat
616 1856 790 1890 omnibus
827 1856 943 1890 curis¹

218 1912 249 1945 ΙΙ
289 1913 366 1949 742.
406 1914 459 1948 13.
498 1913 646 1948 labores
686 1914 851 1949 marinos
890 1920 944 1955 et¹

217 1970 489 2005 transmarinos
554 1972 740 2006 sustinere
804 1973 944 2006 minus}

217 2027 354 2062 idonea
389 2028 560 2063 valitudo
599 2030 767 2073 corporis
805 2023 945 2074 probi-3

217 2083 328 2119 bcbat
362 2085 393 2119 ΙΙ
429 2087 505 2122 742.
541 2088 593 2121 18.
629 2086 758 2121 babitu
792 2088 927 2121 valitu-

218 2142 314 2176 dinis
339 2143 399 2177 vel
425 2149 559 2178 natura
586 2145 705 2188 frigus
731 2146 826 2179 fcrre
852 2156 945 2184 non,

218 2208 365 2245 poterat
403 2203 453 2237 III
489 2205 518 2246 1.
551 2205 583 2239 5.
619 2206 840 2240 valitudinis
875 2207 926 2240 in-

217 2262 393 2297 firmitate
429 2269 584 2299 coactus
619 2265 851 2310 aliquamdiu
887 2272 945 2321 ut:

218 2323 291 2356 ruri
327 2328 439 2361 esset.
476 2325 647 2369 Hippone
683 2326 857 2360 discessit
895 2326 926 2360 Il

217 2382 295 2417 (598.
327 2383 359 2416 5.
393 2384 423 2417 7.
460 2385 511 2417 16.
546 2385 623 2421 742.
661 2386 712 2419 10.
747 2386 798 2419 ΙΙΙ
832 2387 863 2425 2,
894 2388 926 2421 9.

218 2441 339 2477 Firmo
369 2449 568 2486 praesente
595 2445 821 2480 inbecillitas
848 2456 927 2480 cor—

218 2502 318 2545 poris
350 2503 435 2537 talis
466 2508 501 2538 et
532 2509 608 2538 tam
637 2505 764 2539 multis
795 2505 927 2541 diebus

218 2572 301 2595 cum
327 2564 459 2597 tenuit.
485 2570 523 2597 ut
549 2575 632 2598 cum
659 2564 720 2599 illo
744 2576 827 2600 esse
852 2575 926 2599 non

220 2626 349 2663 posset
389 2622 453 2663 (cs.
496 2623 606 2665 epist.
649 2625 685 2658 in
727 2625 850 2665 Praef.
891 2636 926 2670 p.

220 2679 383 2723 XClll.j›.
413 2692 496 2715 cuin
527 2683 740 2717 Bonifatius
768 2685 816 2718 ad
844 2695 927 2718 eum

217 2740 375 2783 veniret.
412 2741 476 2775 vix
514 2742 738 2786 loquebatur
776 2743 926 2778 inbecil-

217 2799 322 2834 litate
354 2801 522 2846 corporis
554 2802 737 2848 fatigatus
769 2803 819 2837 IV
848 2804 944 2858 432.Ι

1015 344 1155 380 futuro.
1190 345 1268 380 ‘nec
1301 345 1494 381 ambulare
1526 346 1624 382 enim
1657 356 1726 381 nec

1015 406 1115 436 stare
1147 412 1214 437 nec
1247 402 1378 437 sedere
1409 413 1563 447 possum
1593 404 1727 448 rhaga-

1014 459 1072 493 dis
1103 460 1165 494 vel
1198 460 1404 495 exochadis
1437 460 1567 495 dolore
1599 465 1638 495 et
1670 464 1726 495 tu-

1015 518 1129 551 more‘
1166 517 1198 551 II
1233 518 1289 557 64,
1326 518 1379 552 17.
1414 518 1611 553 infirmitas
1646 529 1726 554 cor-

1015 574 1129 617 poris.
1156 574 1286 611 biems.
1303 575 1421 618 frigus
1439 580 1474 609 et
1490 576 1673 620 temporis
1687 579 1725 610 ct

1013 631 1151 666 aetatis
1172 642 1257 666 eum
1278 632 1491 667 retinebant
1513 632 1561 667 ab
1580 633 1726 672 itinere,

1012 699 1087 732 quo
1127 689 1306 723 voluntas
1345 689 1520 725 trahebat
1559 690 1610 724 IV
1646 690 1725 734 654,

1018 746 1071 781 18.
1127 746 1336 781 infirmitati
1390 758 1480 782 suae
1537 748 1724 792 propriae,

1013 814 1110 848 quae
1154 808 1245 838 nota
1288 810 1389 840 esset
1432 805 1618 849 omnibus,
1662 805 1725 850 qui

1013 861 1236 896 familiarius
1286 873 1324 897 se
1376 863 1586 905 novissent,
1638 874 1725 898 con-

1013 920 1183 962 queritur
1206 921 1389 956 accedere
1414 925 1649 956 senectutem
1673 921 1723 956 111

1012 976 1091 1020 392,
1117 978 1153 1012 3:
1181 978 1227 1018 cf.
1256 978 1288 1012 ΙΙ
1315 979 1394 1017 673,
1421 979 1453 1013 9.

1061 1046 1102 1079 ln
1141 1057 1216 1081 uuo
1255 1047 1405 1081 bomine
1443 1048 1724 1082 anathemando

1014 1108 1132 1138 totam
1175 1105 1254 1138 eius
1295 1105 1448 1139 domum
1487 1105 1724 1140 anathemari

1013 1172 1087 1196 non
1121 1162 1303 1206 probabat
1335 1163 1386 1196 lV
1414 1164 1494 1205 594.
1523 1164 1554 1197 8.
1583 1164 1663 1207 598,
1692 1165 1724 1198 4.

1015 1219 1278 1263 gloriabantur
1322 1220 1494 1255 homines
1537 1221 1583 1256 de
1626 1221 1722 1267 vigi-

1014 1278 1106 1312 lanti
1148 1278 1191 1311 A.
1233 1278 1434 1322 disciplina
1476 1279 1507 1313 II
1546 1279 1626 1322 342,
1668 1280 1723 1313 10.

1010 1336 1089 1373 343.
1122 1337 1174 1370 13.
1207 1347 1290 1370 cum
1322 1337 1368 1370 de
1399 1337 1591 1371 Bonifatio
1622 1347 1724 1381 pres-

1014 1393 1145 1436 bytom
1179 1394 1375 1430 iudicaret.
1407 1398 1515 1429 tanta
1546 1395 1723 1430 cautione

1012 1455 1047 1485 et
1081 1451 1277 1495 diligentia
1311 1463 1400 1486 usus
1435 1456 1504 1489 est.
1538 1457 1577 1487 ut
1609 1453 1723 1488 etiam

1012 1508 1058 1541 ad
1111 1509 1182 1543 loci
1233 1510 1356 1543 sancti
1405 1510 1587 1544 miracula
1635 1520 1723 1545 con-

1013 1566 1160 1609 fugeret
1201 1566 1232 1600 Il
1270 1568 1349 1603 330.
1387 1568 1419 1602 3.
1457 1569 1536 1603 334.
1572 1569 1605 1602 5.
1643 1569 1723 1604 336.

1014 1624 1066 1656 19.
1102 1624 1233 1658 sedulo
1269 1625 1333 1659 dat
1370 1635 1535 1669 operam.
1571 1630 1611 1660 ut
1647 1627 1723 1670 epi—

1012 1691 1167 1725 ¹scopum
1208 1683 1408 1726 quendam.
1448 1695 1557 1733 quem
1598 1684 1723 1718 durio-

1012 1738 1113 1772 iibus
1174 1745 1210 1774 et
1270 1740 1526 1784 asperioribus
1586 1741 1721 1776 litteris

1010 1796 1234 1832 offenderat.
1269 1797 1338 1832 sibi
1374 1799 1637 1834 reconciliaret
1670 1799 1722 1834 III

1010 1854 1089 1890 3³32.
1123 1856 1154 1889 ’3.
1188 1856 1267 1890 334.
1302 1856 1473 1892 20—335.
1505 1858 1537 1891 3.
1575 1858 1721 1892 18--20,

1010 1912 1088 1947 347.
1127 1913 1181 1946 20.
1221 1923 1424 1957 numquam
1462 1914 1509 1948 ab
1548 1915 1721 1959 Hippone

1010 1968 1147 2004 absens
1187 1974 1268 2004 erat
1307 1971 1506 2007 licentiosa
1546 1972 1721 2007 libertate

1012 2028 1077 2062 sed
1112 2029 1327 2063 neccssaria
1360 2031 1544 2065 servitute
1577 2031 1610 2064 ΙΙ
1643 2031 1722 2073 74⁶2,

1013 2086 1068 2127 163
1108 2087 1154 2126 cf.
1193 2087 1272 2129 506,
1311 2087 1364 2120 21.
1404 2088 1483 2122 eius
1522 2088 1620 2122 enim
1658 2088 1722 2122 ab-

1010 2143 1133 2177 sentia
1167 2144 1417 2178 contristabat
1454 2145 1598 2189 plebem
1635 2145 1720 2189 Hip-

1012 2200 1231 2243 poniensem
1258 2201 1288 2234 11
1314 2202 1391 2237 742.
1417 2204 1473 2238 10:
1500 2204 1545 2244 cf.
1572 2203 1585 2236 I
1609 2204 1665 2240 62.
1688 2205 1720 2238 8.

1012 2258 1061 2291 ΙΙΙ
1092 2259 1123 2292 2.
1152 2259 1184 2293 9.
1216 2259 1459 2302 pecuniarum
1492 2260 1720 2295 ecclesiasti-

1010 2326 1136 2349 carum
1177 2318 1482 2360 procurationem
1521 2318 1720 2353 tolerabat.

1010 2383 1084 2407 uon
1115 2374 1278 2413 amabat,
1310 2375 1361 2408 ita
1393 2381 1431 2409 ut
1464 2386 1519 2410 ea.
1550 2376 1580 2409 si
1611 2376 1719 2411 salvo

1009 2429 1136 2464 officio
1171 2436 1311 2474 posset.
1345 2442 1473 2467 carere
1508 2433 1635 2468 mallet
1668 2433 1719 2467 ΙΙΙ

1011 2488 1063 2531 15,
1089 2488 1119 2522 2.

1057 2557 1310 2602 lndigentium
1352 2559 1478 2603 inopia
1518 2564 1559 2594 ut
1598 2560 1719 2595 suble—

1010 2619 1176 2658 varetur.
1216 2616 1286 2651 sibi
1327 2627 1439 2651 curae
1481 2617 1643 2652 babebat
1686 2617 1719 2652 ΙΙ

1010 2678 1087 2715 743,
1120 2679 1172 2712 17.
1206 2679 1256 2712 III
1290 2680 1342 2717 14,
1373 2681 1403 2714 4.
1435 2691 1508 2724 quo
1539 2681 1651 2715 modo
1682 2681 1719 2715 in

1010 2751 1047 2774 re
1099 2742 1318 2785 pecuniaria
1369 2753 1434 2786 pro
1485 2743 1631 2778 miseris
1682 2747 1719 2779 et

1014 2804 1242 2849 pauperibus
1309 2806 1387 2841 suis
1455 2807 1710 2842 intercesserit
